ts,hermes_price,hermes_conf,lazer_price,lazer_conf,lazer_bid,lazer_ask,deviation_abs,deviation_pct,lazer_spread,lazer_price_step,lazer_stuck
2026-04-08 08:00:00+00:00,137.250420,4.472320,130.001930,9.998070,127.380000,140.000000,-7.248490,-5.281215,12.620000,,False
2026-04-08 08:00:01+00:00,137.250420,4.472320,130.001860,9.998140,129.800000,140.000000,-7.248560,-5.281266,10.200000,0.000070,True
2026-04-08 08:00:02+00:00,137.250420,4.472320,130.002390,9.997610,120.000000,140.000000,-7.248030,-5.280880,20.000000,0.000530,True
2026-04-08 08:00:03+00:00,137.250420,4.472320,130.001600,9.998400,120.000000,140.000000,-7.248820,-5.281456,20.000000,0.000790,True
2026-04-08 08:00:04+00:00,137.250420,4.472320,130.002060,9.997940,120.000000,140.000000,-7.248360,-5.281120,20.000000,0.000460,True
2026-04-08 08:00:05+00:00,132.854760,8.331850,130.001990,9.998010,120.000000,140.000000,-2.852770,-2.147285,20.000000,0.000070,True
2026-04-08 08:00:06+00:00,135.495690,5.494090,130.002190,9.997810,120.000000,140.000000,-5.493500,-4.054373,20.000000,0.000200,True
2026-04-08 08:00:07+00:00,135.495690,5.494090,130.002450,9.997550,120.000000,140.000000,-5.493240,-4.054181,20.000000,0.000260,True
2026-04-08 08:00:08+00:00,135.495690,5.494090,130.001530,9.998470,120.000000,140.000000,-5.494160,-4.054860,20.000000,0.000920,True
2026-04-08 08:00:09+00:00,135.495690,5.494090,130.002130,9.997870,127.380000,140.000000,-5.493560,-4.054417,12.620000,0.000600,True
2026-04-08 08:00:10+00:00,135.495690,5.494090,130.002650,9.997350,127.380000,140.000000,-5.493040,-4.054033,12.620000,0.000520,True
2026-04-08 08:00:11+00:00,138.174680,8.173080,130.001860,9.998140,127.380000,140.000000,-8.172820,-5.914846,12.620000,0.000790,True
2026-04-08 08:00:12+00:00,138.174680,8.173080,130.002260,9.997740,127.380000,140.000000,-8.172420,-5.914557,12.620000,0.000400,True
2026-04-08 08:00:13+00:00,138.106320,8.104720,130.002000,9.998000,127.380000,140.000000,-8.104320,-5.868175,12.620000,0.000260,True
2026-04-08 08:00:14+00:00,138.106320,8.104720,130.002390,10.002390,120.000000,140.000000,-8.103930,-5.867892,20.000000,0.000390,True
2026-04-08 08:00:15+00:00,138.106320,8.104720,130.001470,10.001470,120.000000,140.000000,-8.104850,-5.868558,20.000000,0.000920,True
2026-04-08 08:00:16+00:00,138.106320,8.104720,130.001730,10.001730,120.000000,140.000000,-8.104590,-5.868370,20.000000,0.000260,True
2026-04-08 08:00:17+00:00,138.102100,8.100500,130.002390,10.002390,120.000000,140.000000,-8.099710,-5.865016,20.000000,0.000660,True
2026-04-08 08:00:18+00:00,138.102100,8.100500,130.002390,10.002390,120.000000,140.000000,-8.099710,-5.865016,20.000000,0.000000,True
2026-04-08 08:00:19+00:00,138.102100,8.102110,130.002000,10.002000,120.000000,140.000000,-8.100100,-5.865298,20.000000,0.000390,True
2026-04-08 08:00:20+00:00,138.102100,8.102110,130.001860,10.001860,120.000000,140.000000,-8.100240,-5.865400,20.000000,0.000140,True
2026-04-08 08:00:21+00:00,138.102100,8.102110,130.001730,10.001730,120.000000,140.000000,-8.100370,-5.865494,20.000000,0.000130,True
2026-04-08 08:00:22+00:00,138.102100,8.102110,130.002260,10.002260,120.000000,140.000000,-8.099840,-5.865110,20.000000,0.000530,True
2026-04-08 08:00:23+00:00,138.113840,8.113850,130.001730,10.001730,120.000000,140.000000,-8.112110,-5.873495,20.000000,0.000530,True
2026-04-08 08:00:24+00:00,138.113840,8.113850,130.001860,10.001860,120.000000,140.000000,-8.111980,-5.873401,20.000000,0.000130,True
2026-04-08 08:00:25+00:00,138.113840,8.113830,130.001860,10.001860,120.000000,140.000000,-8.111980,-5.873401,20.000000,0.000000,True
2026-04-08 08:00:26+00:00,138.113840,8.113830,130.001600,10.001600,120.000000,140.000000,-8.112240,-5.873589,20.000000,0.000260,True
2026-04-08 08:00:27+00:00,138.113840,8.113830,130.002130,10.002130,120.000000,140.000000,-8.111710,-5.873206,20.000000,0.000530,True
2026-04-08 08:00:28+00:00,138.113840,8.113830,130.001860,10.001860,120.000000,140.000000,-8.111980,-5.873401,20.000000,0.000270,True
2026-04-08 08:00:29+00:00,138.103010,8.103000,130.001600,10.001600,120.000000,140.000000,-8.101410,-5.866208,20.000000,0.000260,True
2026-04-08 08:00:30+00:00,138.103010,8.103000,130.002260,10.002260,120.000000,140.000000,-8.100750,-5.865730,20.000000,0.000660,True
2026-04-08 08:00:31+00:00,138.103010,8.103000,130.001470,10.001470,120.000000,140.000000,-8.101540,-5.866302,20.000000,0.000790,True
2026-04-08 08:00:32+00:00,138.103010,8.103000,130.001730,10.001730,120.000000,140.000000,-8.101280,-5.866114,20.000000,0.000260,True
2026-04-08 08:00:33+00:00,138.103010,8.103000,130.002650,10.002650,120.000000,140.000000,-8.100360,-5.865448,20.000000,0.000920,True
2026-04-08 08:00:34+00:00,138.103010,8.103000,130.001600,10.001600,120.000000,140.000000,-8.101410,-5.866208,20.000000,0.001050,True
2026-04-08 08:00:35+00:00,138.111650,8.111640,130.002130,10.002130,120.000000,140.000000,-8.109520,-5.871713,20.000000,0.000530,True
2026-04-08 08:00:36+00:00,138.111650,8.111640,130.001470,10.001470,120.000000,140.000000,-8.110180,-5.872191,20.000000,0.000660,True
2026-04-08 08:00:37+00:00,138.111650,8.111640,130.001470,10.001470,120.000000,140.000000,-8.110180,-5.872191,20.000000,0.000000,True
2026-04-08 08:00:38+00:00,138.111650,8.111640,130.001600,10.001600,120.000000,140.000000,-8.110050,-5.872097,20.000000,0.000130,True
2026-04-08 08:00:39+00:00,138.111650,8.111640,130.001470,10.001470,120.000000,140.000000,-8.110180,-5.872191,20.000000,0.000130,True
2026-04-08 08:00:40+00:00,138.098520,8.098510,130.002520,10.002520,120.000000,140.000000,-8.096000,-5.862481,20.000000,0.001050,True
2026-04-08 08:00:41+00:00,138.098520,8.098510,130.001730,10.001730,120.000000,140.000000,-8.096790,-5.863053,20.000000,0.000790,True
2026-04-08 08:00:42+00:00,138.098520,8.098530,130.002000,10.002000,120.000000,140.000000,-8.096520,-5.862858,20.000000,0.000270,True
2026-04-08 08:00:43+00:00,138.098520,8.098530,130.002000,10.002000,120.000000,140.000000,-8.096520,-5.862858,20.000000,0.000000,True
2026-04-08 08:00:44+00:00,138.098520,8.098530,130.001470,10.001470,120.000000,140.000000,-8.097050,-5.863242,20.000000,0.000530,True
2026-04-08 08:00:45+00:00,138.098520,8.098530,130.001470,10.001470,120.000000,140.000000,-8.097050,-5.863242,20.000000,0.000000,True
2026-04-08 08:00:46+00:00,138.103000,8.103010,130.001860,10.001860,120.000000,140.000000,-8.101140,-5.866013,20.000000,0.000390,True
2026-04-08 08:00:47+00:00,138.103000,8.103010,130.002000,10.002000,120.000000,140.000000,-8.101000,-5.865912,20.000000,0.000140,True
2026-04-08 08:00:48+00:00,138.103000,8.103010,130.001600,10.001600,120.000000,140.000000,-8.101400,-5.866201,20.000000,0.000400,True
2026-04-08 08:00:49+00:00,138.103000,8.103000,130.001600,10.001600,120.000000,140.000000,-8.101400,-5.866201,20.000000,0.000000,True
2026-04-08 08:00:50+00:00,138.103000,8.103000,130.002650,10.002650,120.000000,140.000000,-8.100350,-5.865441,20.000000,0.001050,True
2026-04-08 08:00:51+00:00,138.098900,8.098900,130.001470,10.001470,120.000000,140.000000,-8.097430,-5.863501,20.000000,0.001180,True
2026-04-08 08:00:52+00:00,138.098900,8.098900,130.001860,10.001860,120.000000,140.000000,-8.097040,-5.863218,20.000000,0.000390,True
2026-04-08 08:00:53+00:00,138.098900,8.098900,130.002130,10.002130,120.000000,140.000000,-8.096770,-5.863023,20.000000,0.000270,True
2026-04-08 08:00:54+00:00,138.098900,8.098910,130.002650,10.002650,120.000000,140.000000,-8.096250,-5.862646,20.000000,0.000520,True
2026-04-08 08:00:55+00:00,138.098900,8.098910,130.002390,10.002390,120.000000,140.000000,-8.096510,-5.862835,20.000000,0.000260,True
2026-04-08 08:00:56+00:00,138.098900,8.098910,130.002130,10.002130,120.000000,140.000000,-8.096770,-5.863023,20.000000,0.000260,True
2026-04-08 08:00:57+00:00,138.098900,8.098910,130.001860,10.001860,120.000000,140.000000,-8.097040,-5.863218,20.000000,0.000270,True
2026-04-08 08:00:58+00:00,138.106340,8.106350,130.002260,10.002260,120.000000,140.000000,-8.104080,-5.868000,20.000000,0.000400,True
2026-04-08 08:00:59+00:00,138.106340,8.106350,130.001600,10.001600,120.000000,140.000000,-8.104740,-5.868478,20.000000,0.000660,True
2026-04-08 08:01:00+00:00,138.106340,8.106330,130.001860,10.001860,120.000000,140.000000,-8.104480,-5.868290,20.000000,0.000260,True
2026-04-08 08:01:01+00:00,138.106340,8.106330,130.002130,10.002130,120.000000,140.000000,-8.104210,-5.868094,20.000000,0.000270,True
2026-04-08 08:01:02+00:00,138.106340,8.106330,130.002390,10.002390,120.000000,140.000000,-8.103950,-5.867906,20.000000,0.000260,True
2026-04-08 08:01:03+00:00,138.095300,8.095290,130.001470,10.001470,120.000000,140.000000,-8.093830,-5.861047,20.000000,0.000920,True
2026-04-08 08:01:04+00:00,138.095300,8.095290,130.001860,10.001860,120.000000,140.000000,-8.093440,-5.860764,20.000000,0.000390,True
2026-04-08 08:01:05+00:00,138.095300,8.095290,130.002000,10.002000,120.000000,140.000000,-8.093300,-5.860663,20.000000,0.000140,True
2026-04-08 08:01:06+00:00,138.095300,8.095300,130.001860,10.001860,120.000000,140.000000,-8.093440,-5.860764,20.000000,0.000140,True
2026-04-08 08:01:07+00:00,138.095300,8.095300,130.002260,10.002260,120.000000,140.000000,-8.093040,-5.860475,20.000000,0.000400,True
2026-04-08 08:01:08+00:00,138.134620,8.134620,130.001730,10.001730,120.000000,140.000000,-8.132890,-5.887655,20.000000,0.000530,True
2026-04-08 08:01:09+00:00,138.134620,8.134620,130.002130,10.002130,120.000000,140.000000,-8.132490,-5.887366,20.000000,0.000400,True
2026-04-08 08:01:10+00:00,138.134620,8.134620,130.001470,10.001470,120.000000,140.000000,-8.133150,-5.887843,20.000000,0.000660,True
2026-04-08 08:01:11+00:00,138.134620,8.134620,130.002520,10.002520,120.000000,140.000000,-8.132100,-5.887083,20.000000,0.001050,True
2026-04-08 08:01:12+00:00,138.134620,8.134610,130.001600,10.001600,120.000000,140.000000,-8.133020,-5.887749,20.000000,0.000920,True
2026-04-08 08:01:13+00:00,138.148810,8.148800,130.001860,10.001860,120.000000,140.000000,-8.146950,-5.897228,20.000000,0.000260,True
2026-04-08 08:01:14+00:00,138.148810,8.148800,130.001730,10.001730,120.000000,140.000000,-8.147080,-5.897322,20.000000,0.000130,True
2026-04-08 08:01:15+00:00,138.148810,8.148800,130.002390,10.002390,120.000000,140.000000,-8.146420,-5.896844,20.000000,0.000660,True
2026-04-08 08:01:16+00:00,138.148810,8.148800,130.001600,10.001600,120.000000,140.000000,-8.147210,-5.897416,20.000000,0.000790,True
2026-04-08 08:01:17+00:00,138.148810,8.148800,130.001860,10.001860,120.000000,140.000000,-8.146950,-5.897228,20.000000,0.000260,True
2026-04-08 08:01:18+00:00,138.148810,8.148800,130.002130,10.002130,120.000000,140.000000,-8.146680,-5.897032,20.000000,0.000270,True
2026-04-08 08:01:19+00:00,138.149020,8.149010,130.001470,10.001470,120.000000,140.000000,-8.147550,-5.897653,20.000000,0.000660,True
2026-04-08 08:01:20+00:00,138.149020,8.149010,130.002000,10.002000,120.000000,140.000000,-8.147020,-5.897269,20.000000,0.000530,True
2026-04-08 08:01:21+00:00,138.149020,8.149010,130.001470,10.001470,120.000000,140.000000,-8.147550,-5.897653,20.000000,0.000530,True
2026-04-08 08:01:22+00:00,138.149020,8.149010,130.001600,10.001600,120.000000,140.000000,-8.147420,-5.897559,20.000000,0.000130,True
2026-04-08 08:01:23+00:00,138.149020,8.149010,130.001730,10.001730,120.000000,140.000000,-8.147290,-5.897465,20.000000,0.000130,True
2026-04-08 08:01:24+00:00,138.149020,8.149020,130.001860,10.001860,120.000000,140.000000,-8.147160,-5.897371,20.000000,0.000130,True
2026-04-08 08:01:25+00:00,138.146140,8.146140,130.001860,10.001860,120.000000,140.000000,-8.144280,-5.895409,20.000000,0.000000,True
2026-04-08 08:01:26+00:00,138.146140,8.146140,130.001470,10.001470,120.000000,140.000000,-8.144670,-5.895691,20.000000,0.000390,True
2026-04-08 08:01:27+00:00,138.146140,8.146140,130.002000,10.002000,120.000000,140.000000,-8.144140,-5.895308,20.000000,0.000530,True
2026-04-08 08:01:28+00:00,138.146140,8.146140,130.002520,10.002520,120.000000,140.000000,-8.143620,-5.894931,20.000000,0.000520,True
2026-04-08 08:01:29+00:00,138.146140,8.146140,130.002000,10.002000,120.000000,140.000000,-8.144140,-5.895308,20.000000,0.000520,True
2026-04-08 08:01:30+00:00,138.146140,8.146140,130.001600,10.001600,120.000000,140.000000,-8.144540,-5.895597,20.000000,0.000400,True
2026-04-08 08:01:31+00:00,138.148010,8.148010,130.002130,10.002130,120.000000,140.000000,-8.145880,-5.896487,20.000000,0.000530,True
2026-04-08 08:01:32+00:00,138.148010,8.148010,130.002130,10.002130,120.000000,140.000000,-8.145880,-5.896487,20.000000,0.000000,True
2026-04-08 08:01:33+00:00,138.148010,8.148010,130.001600,10.001600,120.000000,140.000000,-8.146410,-5.896871,20.000000,0.000530,True
2026-04-08 08:01:34+00:00,138.148010,8.148010,130.002130,10.002130,120.000000,140.000000,-8.145880,-5.896487,20.000000,0.000530,True
2026-04-08 08:01:35+00:00,138.142810,8.142810,130.001860,10.001860,120.000000,140.000000,-8.140950,-5.893141,20.000000,0.000270,True
2026-04-08 08:01:36+00:00,138.142810,8.142800,130.001730,10.001730,120.000000,140.000000,-8.141080,-5.893235,20.000000,0.000130,True
2026-04-08 08:01:37+00:00,138.142810,8.142800,130.002000,10.002000,120.000000,140.000000,-8.140810,-5.893039,20.000000,0.000270,True
2026-04-08 08:01:38+00:00,138.142810,8.142800,130.002520,10.002520,120.000000,140.000000,-8.140290,-5.892663,20.000000,0.000520,True
2026-04-08 08:01:39+00:00,138.142810,8.142800,130.001730,10.001730,120.000000,140.000000,-8.141080,-5.893235,20.000000,0.000790,True
2026-04-08 08:01:40+00:00,138.142810,8.142800,130.001470,10.001470,120.000000,140.000000,-8.141340,-5.893423,20.000000,0.000260,True
2026-04-08 08:01:41+00:00,138.142000,8.141990,130.001730,10.001730,120.000000,140.000000,-8.140270,-5.892683,20.000000,0.000260,True
2026-04-08 08:01:42+00:00,138.142000,8.141990,130.001860,10.001860,120.000000,140.000000,-8.140140,-5.892589,20.000000,0.000130,True
2026-04-08 08:01:43+00:00,138.142000,8.141990,130.002000,10.002000,120.000000,140.000000,-8.140000,-5.892487,20.000000,0.000140,True
2026-04-08 08:01:44+00:00,138.142000,8.141990,130.001470,10.001470,120.000000,140.000000,-8.140530,-5.892871,20.000000,0.000530,True
2026-04-08 08:01:45+00:00,138.142000,8.141990,130.001730,10.001730,120.000000,140.000000,-8.140270,-5.892683,20.000000,0.000260,True
2026-04-08 08:01:46+00:00,138.142000,8.141990,130.002000,10.002000,120.000000,140.000000,-8.140000,-5.892487,20.000000,0.000270,True
2026-04-08 08:01:47+00:00,138.141040,8.141030,130.002260,10.002260,120.000000,140.000000,-8.138780,-5.891645,20.000000,0.000260,True
2026-04-08 08:01:48+00:00,138.141040,8.141050,130.001730,10.001730,120.000000,140.000000,-8.139310,-5.892029,20.000000,0.000530,True
2026-04-08 08:01:49+00:00,138.141040,8.141040,130.001470,10.001470,120.000000,140.000000,-8.139570,-5.892217,20.000000,0.000260,True
2026-04-08 08:01:50+00:00,138.141040,8.141040,130.001470,10.001470,120.000000,140.000000,-8.139570,-5.892217,20.000000,0.000000,True
2026-04-08 08:01:51+00:00,138.141040,8.141040,130.002000,10.002000,120.000000,140.000000,-8.139040,-5.891833,20.000000,0.000530,True
2026-04-08 08:01:52+00:00,138.139720,8.139720,130.001730,10.001730,120.000000,140.000000,-8.137990,-5.891130,20.000000,0.000270,True
2026-04-08 08:01:53+00:00,138.139720,8.139710,130.001730,10.001730,120.000000,140.000000,-8.137990,-5.891130,20.000000,0.000000,True
2026-04-08 08:01:54+00:00,138.139720,8.139710,130.001470,10.001470,120.000000,140.000000,-8.138250,-5.891318,20.000000,0.000260,True
2026-04-08 08:01:55+00:00,138.139720,8.139710,130.002260,10.002260,120.000000,140.000000,-8.137460,-5.890746,20.000000,0.000790,True
2026-04-08 08:01:56+00:00,138.139720,8.139710,130.001470,10.001470,120.000000,140.000000,-8.138250,-5.891318,20.000000,0.000790,True
2026-04-08 08:01:57+00:00,138.139720,8.139710,130.002130,10.002130,120.000000,140.000000,-8.137590,-5.890840,20.000000,0.000660,True
2026-04-08 08:01:58+00:00,138.139720,8.139710,130.002000,10.002000,120.000000,140.000000,-8.137720,-5.890934,20.000000,0.000130,True
2026-04-08 08:01:59+00:00,138.143110,8.143100,130.002130,10.002130,120.000000,140.000000,-8.140980,-5.893150,20.000000,0.000130,True
2026-04-08 08:02:00+00:00,138.143110,8.143100,130.001860,10.001860,120.000000,140.000000,-8.141250,-5.893345,20.000000,0.000270,True
2026-04-08 08:02:01+00:00,138.143110,8.143100,130.001860,10.001860,120.000000,140.000000,-8.141250,-5.893345,20.000000,0.000000,True
2026-04-08 08:02:02+00:00,138.143110,8.143100,130.001600,10.001600,120.000000,140.000000,-8.141510,-5.893533,20.000000,0.000260,True
2026-04-08 08:02:03+00:00,138.143110,8.143100,130.002390,10.002390,120.000000,140.000000,-8.140720,-5.892961,20.000000,0.000790,True
2026-04-08 08:02:04+00:00,138.143110,8.143100,130.001470,10.001470,120.000000,140.000000,-8.141640,-5.893627,20.000000,0.000920,True
2026-04-08 08:02:05+00:00,138.149290,8.149290,130.001860,10.001860,120.000000,140.000000,-8.147430,-5.897555,20.000000,0.000390,True
2026-04-08 08:02:06+00:00,138.149290,8.149280,130.001470,10.001470,120.000000,140.000000,-8.147820,-5.897837,20.000000,0.000390,True
2026-04-08 08:02:07+00:00,138.149290,8.149280,130.001730,10.001730,120.000000,140.000000,-8.147560,-5.897649,20.000000,0.000260,True
2026-04-08 08:02:08+00:00,138.149290,8.149280,130.001730,10.001730,120.000000,140.000000,-8.147560,-5.897649,20.000000,0.000000,True
2026-04-08 08:02:09+00:00,138.149290,8.149280,130.001600,10.001600,120.000000,140.000000,-8.147690,-5.897743,20.000000,0.000130,True
2026-04-08 08:02:10+00:00,138.149290,8.149280,130.001600,10.001600,120.000000,140.000000,-8.147690,-5.897743,20.000000,0.000000,True
2026-04-08 08:02:11+00:00,138.143100,8.143090,130.001600,10.001600,120.000000,140.000000,-8.141500,-5.893526,20.000000,0.000000,True
2026-04-08 08:02:12+00:00,138.143100,8.143090,130.001600,10.001600,120.000000,140.000000,-8.141500,-5.893526,20.000000,0.000000,True
2026-04-08 08:02:13+00:00,138.143100,8.143100,130.001860,10.001860,120.000000,140.000000,-8.141240,-5.893338,20.000000,0.000260,True
2026-04-08 08:02:14+00:00,138.143100,8.143100,130.002130,10.002130,120.000000,140.000000,-8.140970,-5.893143,20.000000,0.000270,True
2026-04-08 08:02:15+00:00,138.143100,8.143100,130.001470,10.001470,120.000000,140.000000,-8.141630,-5.893620,20.000000,0.000660,True
2026-04-08 08:02:16+00:00,138.134600,8.134600,130.001730,10.001730,120.000000,140.000000,-8.132870,-5.887641,20.000000,0.000260,True
2026-04-08 08:02:17+00:00,138.134600,8.134600,130.001600,10.001600,120.000000,140.000000,-8.133000,-5.887736,20.000000,0.000130,True
2026-04-08 08:02:18+00:00,138.134600,8.134590,130.002000,10.002000,120.000000,140.000000,-8.132600,-5.887446,20.000000,0.000400,True
2026-04-08 08:02:19+00:00,138.134600,8.134590,130.001860,10.001860,120.000000,140.000000,-8.132740,-5.887547,20.000000,0.000140,True
2026-04-08 08:02:20+00:00,138.134600,8.134590,130.001600,10.001600,120.000000,140.000000,-8.133000,-5.887736,20.000000,0.000260,True
2026-04-08 08:02:21+00:00,138.134600,8.134590,130.002130,10.002130,120.000000,140.000000,-8.132470,-5.887352,20.000000,0.000530,True
2026-04-08 08:02:22+00:00,138.130850,8.130840,130.001730,10.001730,120.000000,140.000000,-8.129120,-5.885086,20.000000,0.000400,True
2026-04-08 08:02:23+00:00,138.130850,8.130840,130.002000,10.002000,120.000000,140.000000,-8.128850,-5.884891,20.000000,0.000270,True
2026-04-08 08:02:24+00:00,138.130850,8.130850,130.001860,10.001860,120.000000,140.000000,-8.128990,-5.884992,20.000000,0.000140,True
2026-04-08 08:02:25+00:00,138.130850,8.130850,130.001470,10.001470,120.000000,140.000000,-8.129380,-5.885275,20.000000,0.000390,True
2026-04-08 08:02:26+00:00,138.132640,8.132640,130.002650,10.002650,120.000000,140.000000,-8.129990,-5.885640,20.000000,0.001180,True
2026-04-08 08:02:27+00:00,138.132640,8.132640,130.002000,10.002000,120.000000,140.000000,-8.130640,-5.886111,20.000000,0.000650,True
2026-04-08 08:02:28+00:00,138.132640,8.132640,130.002130,10.002130,120.000000,140.000000,-8.130510,-5.886017,20.000000,0.000130,True
2026-04-08 08:02:29+00:00,138.132640,8.132640,130.002390,10.002390,120.000000,140.000000,-8.130250,-5.885828,20.000000,0.000260,True
2026-04-08 08:02:30+00:00,138.132640,8.132630,130.001470,10.001470,120.000000,140.000000,-8.131170,-5.886494,20.000000,0.000920,True
2026-04-08 08:02:31+00:00,138.132640,8.132630,130.001730,10.001730,120.000000,140.000000,-8.130910,-5.886306,20.000000,0.000260,True
2026-04-08 08:02:32+00:00,138.139010,8.139000,130.001600,10.001600,120.000000,140.000000,-8.137410,-5.890740,20.000000,0.000130,True
2026-04-08 08:02:33+00:00,138.139010,8.139000,130.002000,10.002000,120.000000,140.000000,-8.137010,-5.890450,20.000000,0.000400,True
2026-04-08 08:02:34+00:00,138.139010,8.139000,130.002130,10.002130,120.000000,140.000000,-8.136880,-5.890356,20.000000,0.000130,True
2026-04-08 08:02:35+00:00,138.139010,8.139010,130.001600,10.001600,120.000000,140.000000,-8.137410,-5.890740,20.000000,0.000530,True
2026-04-08 08:02:36+00:00,138.139010,8.139010,130.001730,10.001730,120.000000,140.000000,-8.137280,-5.890646,20.000000,0.000130,True
2026-04-08 08:02:37+00:00,138.149990,8.149990,130.001860,10.001860,120.000000,140.000000,-8.148130,-5.898032,20.000000,0.000130,True
2026-04-08 08:02:38+00:00,138.149990,8.149990,130.001470,10.001470,120.000000,140.000000,-8.148520,-5.898314,20.000000,0.000390,True
2026-04-08 08:02:39+00:00,138.149990,8.149990,130.002000,10.002000,120.000000,140.000000,-8.147990,-5.897930,20.000000,0.000530,True
2026-04-08 08:02:40+00:00,138.149990,8.149990,130.001730,10.001730,120.000000,140.000000,-8.148260,-5.898126,20.000000,0.000270,True
2026-04-08 08:02:41+00:00,138.149990,8.149990,130.001600,10.001600,120.000000,140.000000,-8.148390,-5.898220,20.000000,0.000130,True
2026-04-08 08:02:42+00:00,138.137380,8.137380,130.002260,10.002260,120.000000,140.000000,-8.135120,-5.889152,20.000000,0.000660,True
2026-04-08 08:02:43+00:00,138.137380,8.137380,130.001730,10.001730,120.000000,140.000000,-8.135650,-5.889535,20.000000,0.000530,True
2026-04-08 08:02:44+00:00,138.137380,8.137380,130.002000,10.002000,120.000000,140.000000,-8.135380,-5.889340,20.000000,0.000270,True
2026-04-08 08:02:45+00:00,138.137380,8.137380,130.002390,10.002390,120.000000,140.000000,-8.134990,-5.889058,20.000000,0.000390,True
2026-04-08 08:02:46+00:00,138.137380,8.137380,130.001600,10.001600,120.000000,140.000000,-8.135780,-5.889630,20.000000,0.000790,True
2026-04-08 08:02:47+00:00,138.137380,8.137380,130.001730,10.001730,120.000000,140.000000,-8.135650,-5.889535,20.000000,0.000130,True
2026-04-08 08:02:48+00:00,138.137380,8.137380,130.001470,10.001470,120.000000,140.000000,-8.135910,-5.889724,20.000000,0.000260,True
2026-04-08 08:02:49+00:00,138.136860,8.136860,130.001860,10.001860,120.000000,140.000000,-8.135000,-5.889087,20.000000,0.000390,True
2026-04-08 08:02:50+00:00,138.136860,8.136860,130.001470,10.001470,120.000000,140.000000,-8.135390,-5.889369,20.000000,0.000390,True
2026-04-08 08:02:51+00:00,138.136860,8.136860,130.002260,10.002260,120.000000,140.000000,-8.134600,-5.888798,20.000000,0.000790,True
2026-04-08 08:02:52+00:00,138.136860,8.136860,130.001470,10.001470,120.000000,140.000000,-8.135390,-5.889369,20.000000,0.000790,True
2026-04-08 08:02:53+00:00,138.136860,8.136860,130.001600,10.001600,120.000000,140.000000,-8.135260,-5.889275,20.000000,0.000130,True
2026-04-08 08:02:54+00:00,138.147520,8.147520,130.001600,10.001600,120.000000,140.000000,-8.145920,-5.896537,20.000000,0.000000,True
2026-04-08 08:02:55+00:00,138.147520,8.147520,130.001730,10.001730,120.000000,140.000000,-8.145790,-5.896443,20.000000,0.000130,True
2026-04-08 08:02:56+00:00,138.147520,8.147520,130.001730,10.001730,120.000000,140.000000,-8.145790,-5.896443,20.000000,0.000000,True
2026-04-08 08:02:57+00:00,138.147520,8.147520,130.001730,10.001730,120.000000,140.000000,-8.145790,-5.896443,20.000000,0.000000,True
2026-04-08 08:02:58+00:00,138.147520,8.147520,130.002390,10.002390,120.000000,140.000000,-8.145130,-5.895965,20.000000,0.000660,True
2026-04-08 08:02:59+00:00,138.135500,8.135500,130.001730,10.001730,120.000000,140.000000,-8.133770,-5.888255,20.000000,0.000660,True
2026-04-08 08:03:00+00:00,138.135500,8.135500,130.001860,10.001860,120.000000,140.000000,-8.133640,-5.888161,20.000000,0.000130,True
2026-04-08 08:03:01+00:00,138.135500,8.135500,130.001860,10.001860,120.000000,140.000000,-8.133640,-5.888161,20.000000,0.000000,True
2026-04-08 08:03:02+00:00,138.135500,8.135500,130.002000,10.002000,120.000000,140.000000,-8.133500,-5.888059,20.000000,0.000140,True
2026-04-08 08:03:03+00:00,138.135500,8.135500,130.001730,10.001730,120.000000,140.000000,-8.133770,-5.888255,20.000000,0.000270,True
2026-04-08 08:03:04+00:00,138.140840,8.140840,130.001600,10.001600,120.000000,140.000000,-8.139240,-5.891987,20.000000,0.000130,True
2026-04-08 08:03:05+00:00,138.140840,8.140840,130.002390,10.002390,120.000000,140.000000,-8.138450,-5.891415,20.000000,0.000790,True
2026-04-08 08:03:06+00:00,138.140840,8.140830,130.002390,10.002390,120.000000,140.000000,-8.138450,-5.891415,20.000000,0.000000,True
2026-04-08 08:03:07+00:00,138.140840,8.140830,130.001600,10.001600,120.000000,140.000000,-8.139240,-5.891987,20.000000,0.000790,True
2026-04-08 08:03:08+00:00,138.140840,8.140830,130.002130,10.002130,120.000000,140.000000,-8.138710,-5.891603,20.000000,0.000530,True
2026-04-08 08:03:09+00:00,138.140840,8.140830,130.002000,10.002000,120.000000,140.000000,-8.138840,-5.891697,20.000000,0.000130,True
2026-04-08 08:03:10+00:00,138.140840,8.140830,130.001600,10.001600,120.000000,140.000000,-8.139240,-5.891987,20.000000,0.000400,True
2026-04-08 08:03:11+00:00,138.134350,8.134340,130.002130,10.002130,120.000000,140.000000,-8.132220,-5.887182,20.000000,0.000530,True
2026-04-08 08:03:12+00:00,138.134350,8.134340,130.001600,10.001600,120.000000,140.000000,-8.132750,-5.887565,20.000000,0.000530,True
2026-04-08 08:03:13+00:00,138.134350,8.134340,130.002000,10.002000,120.000000,140.000000,-8.132350,-5.887276,20.000000,0.000400,True
2026-04-08 08:03:14+00:00,138.134350,8.134340,130.001600,10.001600,120.000000,140.000000,-8.132750,-5.887565,20.000000,0.000400,True
2026-04-08 08:03:15+00:00,138.134350,8.134340,130.002000,10.002000,120.000000,140.000000,-8.132350,-5.887276,20.000000,0.000400,True
2026-04-08 08:03:16+00:00,138.144020,8.144010,130.002260,10.002260,120.000000,140.000000,-8.141760,-5.893675,20.000000,0.000260,True
2026-04-08 08:03:17+00:00,138.144020,8.144010,130.002390,10.002390,120.000000,140.000000,-8.141630,-5.893581,20.000000,0.000130,True
2026-04-08 08:03:18+00:00,138.144020,8.144020,130.001730,10.001730,120.000000,140.000000,-8.142290,-5.894059,20.000000,0.000660,True
2026-04-08 08:03:19+00:00,138.144020,8.144020,130.001600,10.001600,120.000000,140.000000,-8.142420,-5.894153,20.000000,0.000130,True
2026-04-08 08:03:20+00:00,138.144020,8.144020,130.002000,10.002000,120.000000,140.000000,-8.142020,-5.893864,20.000000,0.000400,True
2026-04-08 08:03:21+00:00,138.144020,8.144020,130.002260,10.002260,120.000000,140.000000,-8.141760,-5.893675,20.000000,0.000260,True
2026-04-08 08:03:22+00:00,138.131000,8.131000,130.001730,10.001730,120.000000,140.000000,-8.129270,-5.885189,20.000000,0.000530,True
2026-04-08 08:03:23+00:00,138.131000,8.130990,130.001600,10.001600,120.000000,140.000000,-8.129400,-5.885283,20.000000,0.000130,True
2026-04-08 08:03:24+00:00,138.131000,8.130990,130.001470,10.001470,120.000000,140.000000,-8.129530,-5.885377,20.000000,0.000130,True
2026-04-08 08:03:25+00:00,138.131000,8.130990,130.001860,10.001860,120.000000,140.000000,-8.129140,-5.885095,20.000000,0.000390,True
2026-04-08 08:03:26+00:00,138.131000,8.130990,130.001860,10.001860,120.000000,140.000000,-8.129140,-5.885095,20.000000,0.000000,True
2026-04-08 08:03:27+00:00,138.149890,8.149880,130.001730,10.001730,120.000000,140.000000,-8.148160,-5.898058,20.000000,0.000130,True
2026-04-08 08:03:28+00:00,138.149890,8.149880,130.002520,10.002520,120.000000,140.000000,-8.147370,-5.897486,20.000000,0.000790,True
2026-04-08 08:03:29+00:00,138.149890,8.149880,130.002130,10.002130,120.000000,140.000000,-8.147760,-5.897768,20.000000,0.000390,True
2026-04-08 08:03:30+00:00,138.149890,8.149880,130.002000,10.002000,120.000000,140.000000,-8.147890,-5.897862,20.000000,0.000130,True
2026-04-08 08:03:31+00:00,138.149890,8.149880,130.001860,10.001860,120.000000,140.000000,-8.148030,-5.897963,20.000000,0.000140,True
2026-04-08 08:03:32+00:00,138.138760,8.138750,130.002130,10.002130,120.000000,140.000000,-8.136630,-5.890186,20.000000,0.000270,True
2026-04-08 08:03:33+00:00,138.138760,8.138750,130.002130,10.002130,120.000000,140.000000,-8.136630,-5.890186,20.000000,0.000000,True
2026-04-08 08:03:34+00:00,138.138760,8.138750,130.001600,10.001600,120.000000,140.000000,-8.137160,-5.890570,20.000000,0.000530,True
2026-04-08 08:03:35+00:00,138.138760,8.138750,130.002390,10.002390,120.000000,140.000000,-8.136370,-5.889998,20.000000,0.000790,True
2026-04-08 08:03:36+00:00,138.138760,8.138750,130.002000,10.002000,120.000000,140.000000,-8.136760,-5.890280,20.000000,0.000390,True
2026-04-08 08:03:37+00:00,138.138760,8.138750,130.002130,10.002130,120.000000,140.000000,-8.136630,-5.890186,20.000000,0.000130,True
2026-04-08 08:03:38+00:00,138.138420,8.138410,130.002260,10.002260,120.000000,140.000000,-8.136160,-5.889860,20.000000,0.000130,True
2026-04-08 08:03:39+00:00,138.138420,8.138410,130.001600,10.001600,120.000000,140.000000,-8.136820,-5.890338,20.000000,0.000660,True
2026-04-08 08:03:40+00:00,138.138420,8.138410,130.001860,10.001860,120.000000,140.000000,-8.136560,-5.890150,20.000000,0.000260,True
2026-04-08 08:03:41+00:00,138.138420,8.138430,130.002260,10.002260,120.000000,140.000000,-8.136160,-5.889860,20.000000,0.000400,True
2026-04-08 08:03:42+00:00,138.138420,8.138410,130.001470,10.001470,120.000000,140.000000,-8.136950,-5.890432,20.000000,0.000790,True
2026-04-08 08:03:43+00:00,138.138420,8.138410,130.002000,10.002000,120.000000,140.000000,-8.136420,-5.890049,20.000000,0.000530,True
2026-04-08 08:03:44+00:00,138.138420,8.138410,130.001470,10.001470,120.000000,140.000000,-8.136950,-5.890432,20.000000,0.000530,True
2026-04-08 08:03:45+00:00,138.144480,8.144470,130.001860,10.001860,120.000000,140.000000,-8.142620,-5.894278,20.000000,0.000390,True
2026-04-08 08:03:46+00:00,138.144480,8.144470,130.001730,10.001730,120.000000,140.000000,-8.142750,-5.894372,20.000000,0.000130,True
2026-04-08 08:03:47+00:00,138.144480,8.144470,130.002130,10.002130,120.000000,140.000000,-8.142350,-5.894083,20.000000,0.000400,True
2026-04-08 08:03:48+00:00,138.144480,8.144470,130.001730,10.001730,120.000000,140.000000,-8.142750,-5.894372,20.000000,0.000400,True
2026-04-08 08:03:49+00:00,138.144480,8.144470,130.001470,10.001470,120.000000,140.000000,-8.143010,-5.894561,20.000000,0.000260,True
2026-04-08 08:03:50+00:00,138.144480,8.144470,130.002000,10.002000,120.000000,140.000000,-8.142480,-5.894177,20.000000,0.000530,True
2026-04-08 08:03:51+00:00,138.144130,8.144120,130.001600,10.001600,120.000000,140.000000,-8.142530,-5.894228,20.000000,0.000400,True
2026-04-08 08:03:52+00:00,138.144130,8.144120,130.001730,10.001730,120.000000,140.000000,-8.142400,-5.894134,20.000000,0.000130,True
2026-04-08 08:03:53+00:00,138.144130,8.144120,130.001860,10.001860,120.000000,140.000000,-8.142270,-5.894040,20.000000,0.000130,True
2026-04-08 08:03:54+00:00,138.144130,8.144130,130.002260,10.002260,120.000000,140.000000,-8.141870,-5.893750,20.000000,0.000400,True
2026-04-08 08:03:55+00:00,138.144130,8.144130,130.002260,10.002260,120.000000,140.000000,-8.141870,-5.893750,20.000000,0.000000,True
2026-04-08 08:03:56+00:00,138.149610,8.149610,130.002130,10.002130,120.000000,140.000000,-8.147480,-5.897577,20.000000,0.000130,True
2026-04-08 08:03:57+00:00,138.149610,8.149610,130.002260,10.002260,120.000000,140.000000,-8.147350,-5.897483,20.000000,0.000130,True
2026-04-08 08:03:58+00:00,138.149610,8.149610,130.001470,10.001470,120.000000,140.000000,-8.148140,-5.898055,20.000000,0.000790,True
2026-04-08 08:03:59+00:00,138.149610,8.149600,130.001860,10.001860,120.000000,139.620000,-8.147750,-5.897773,19.620000,0.000390,True
2026-04-08 08:04:00+00:00,138.149610,8.149600,130.002000,10.002000,120.000000,139.620000,-8.147610,-5.897671,19.620000,0.000140,True
2026-04-08 08:04:01+00:00,138.149610,8.149600,130.001470,10.001470,120.000000,139.620000,-8.148140,-5.898055,19.620000,0.000530,True
2026-04-08 08:04:02+00:00,138.147330,8.147320,130.001600,10.001600,120.000000,139.620000,-8.145730,-5.896408,19.620000,0.000130,True
2026-04-08 08:04:03+00:00,138.147330,8.147320,130.002260,10.002260,120.000000,139.620000,-8.145070,-5.895930,19.620000,0.000660,True
2026-04-08 08:04:04+00:00,138.147330,8.147320,130.001600,10.001600,120.000000,140.000000,-8.145730,-5.896408,20.000000,0.000660,True
2026-04-08 08:04:05+00:00,138.147330,8.147320,130.001600,10.001600,120.000000,140.000000,-8.145730,-5.896408,20.000000,0.000000,True
2026-04-08 08:04:06+00:00,138.147330,8.147320,130.001600,10.001600,120.000000,140.000000,-8.145730,-5.896408,20.000000,0.000000,True
2026-04-08 08:04:07+00:00,138.144350,8.144340,130.001600,10.001600,120.000000,140.000000,-8.142750,-5.894378,20.000000,0.000000,True
2026-04-08 08:04:08+00:00,138.144350,8.144340,130.001730,10.001730,120.000000,140.000000,-8.142620,-5.894284,20.000000,0.000130,True
2026-04-08 08:04:09+00:00,138.144350,8.144340,130.002000,10.002000,120.000000,140.000000,-8.142350,-5.894088,20.000000,0.000270,True
2026-04-08 08:04:10+00:00,138.144350,8.144340,130.001730,10.001730,120.000000,140.000000,-8.142620,-5.894284,20.000000,0.000270,True
2026-04-08 08:04:11+00:00,138.144350,8.144340,130.001860,10.001860,120.000000,140.000000,-8.142490,-5.894190,20.000000,0.000130,True
2026-04-08 08:04:12+00:00,138.144350,8.144340,130.001730,10.001730,120.000000,140.000000,-8.142620,-5.894284,20.000000,0.000130,True
2026-04-08 08:04:13+00:00,138.135450,8.135440,130.001730,10.001730,120.000000,140.000000,-8.133720,-5.888221,20.000000,0.000000,True
2026-04-08 08:04:14+00:00,138.135450,8.135440,130.001860,10.001860,120.000000,140.000000,-8.133590,-5.888126,20.000000,0.000130,True
2026-04-08 08:04:15+00:00,138.135450,8.135440,130.002390,10.002390,120.000000,140.000000,-8.133060,-5.887743,20.000000,0.000530,True
2026-04-08 08:04:16+00:00,138.135450,8.135440,130.001730,10.001730,120.000000,140.000000,-8.133720,-5.888221,20.000000,0.000660,True
2026-04-08 08:04:17+00:00,138.135450,8.135440,130.001600,10.001600,120.000000,140.000000,-8.133850,-5.888315,20.000000,0.000130,True
2026-04-08 08:04:18+00:00,138.136710,8.136700,130.002520,10.002520,120.000000,140.000000,-8.134190,-5.888507,20.000000,0.000920,True
2026-04-08 08:04:19+00:00,138.136710,8.136700,130.001730,10.001730,120.000000,140.000000,-8.134980,-5.889079,20.000000,0.000790,True
2026-04-08 08:04:20+00:00,138.136710,8.136700,130.001730,10.001730,120.000000,140.000000,-8.134980,-5.889079,20.000000,0.000000,True
2026-04-08 08:04:21+00:00,138.136710,8.136700,130.001860,10.001860,120.000000,140.000000,-8.134850,-5.888985,20.000000,0.000130,True
2026-04-08 08:04:22+00:00,138.136710,8.136700,130.001860,10.001860,120.000000,140.000000,-8.134850,-5.888985,20.000000,0.000000,True
2026-04-08 08:04:23+00:00,138.138850,8.138840,130.002130,10.002130,120.000000,140.000000,-8.136720,-5.890247,20.000000,0.000270,True
2026-04-08 08:04:24+00:00,138.138850,8.138840,130.002130,10.002130,120.000000,140.000000,-8.136720,-5.890247,20.000000,0.000000,True
2026-04-08 08:04:25+00:00,138.138850,8.138840,130.001470,10.001470,120.000000,140.000000,-8.137380,-5.890725,20.000000,0.000660,True
2026-04-08 08:04:26+00:00,138.138850,8.138840,130.002520,10.002520,120.000000,140.000000,-8.136330,-5.889965,20.000000,0.001050,True
2026-04-08 08:04:27+00:00,138.138850,8.138840,130.001730,10.001730,120.000000,140.000000,-8.137120,-5.890537,20.000000,0.000790,True
2026-04-08 08:04:28+00:00,138.138850,8.138840,130.001860,10.001860,120.000000,140.000000,-8.136990,-5.890443,20.000000,0.000130,True
2026-04-08 08:04:29+00:00,138.138850,8.138840,130.002000,10.002000,120.000000,140.000000,-8.136850,-5.890341,20.000000,0.000140,True
2026-04-08 08:04:30+00:00,138.141240,8.141230,130.001600,10.001600,120.000000,140.000000,-8.139640,-5.892259,20.000000,0.000400,True
2026-04-08 08:04:31+00:00,138.141240,8.141230,130.001730,10.001730,120.000000,140.000000,-8.139510,-5.892165,20.000000,0.000130,True
2026-04-08 08:04:32+00:00,138.141240,8.141230,130.001860,10.001860,120.000000,140.000000,-8.139380,-5.892071,20.000000,0.000130,True
2026-04-08 08:04:33+00:00,138.141240,8.141230,130.001860,10.001860,120.000000,140.000000,-8.139380,-5.892071,20.000000,0.000000,True
2026-04-08 08:04:34+00:00,138.141240,8.141230,130.002260,10.002260,120.000000,140.000000,-8.138980,-5.891781,20.000000,0.000400,True
2026-04-08 08:04:35+00:00,138.141170,8.141160,130.001600,10.001600,120.000000,140.000000,-8.139570,-5.892212,20.000000,0.000660,True
2026-04-08 08:04:36+00:00,138.141170,8.141160,130.002000,10.002000,120.000000,140.000000,-8.139170,-5.891922,20.000000,0.000400,True
2026-04-08 08:04:37+00:00,138.141170,8.141160,130.001860,10.001860,120.000000,140.000000,-8.139310,-5.892023,20.000000,0.000140,True
2026-04-08 08:04:38+00:00,138.141170,8.141160,130.002390,10.002390,120.000000,140.000000,-8.138780,-5.891640,20.000000,0.000530,True
2026-04-08 08:04:39+00:00,138.141170,8.141160,130.001860,10.001860,120.000000,140.000000,-8.139310,-5.892023,20.000000,0.000530,True
2026-04-08 08:04:40+00:00,138.141170,8.141160,130.002130,10.002130,120.000000,140.000000,-8.139040,-5.891828,20.000000,0.000270,True
2026-04-08 08:04:41+00:00,138.146690,8.146680,130.001600,10.001600,120.000000,140.000000,-8.145090,-5.895972,20.000000,0.000530,True
2026-04-08 08:04:42+00:00,138.146690,8.146690,130.002000,10.002000,120.000000,140.000000,-8.144690,-5.895682,20.000000,0.000400,True
2026-04-08 08:04:43+00:00,138.146690,8.146690,130.001860,10.001860,120.000000,140.000000,-8.144830,-5.895784,20.000000,0.000140,True
2026-04-08 08:04:44+00:00,138.146690,8.146690,130.001860,10.001860,120.000000,140.000000,-8.144830,-5.895784,20.000000,0.000000,True
2026-04-08 08:04:45+00:00,138.146690,8.146690,130.001730,10.001730,120.000000,140.000000,-8.144960,-5.895878,20.000000,0.000130,True
2026-04-08 08:04:46+00:00,138.132600,8.132600,130.001730,10.001730,120.000000,140.000000,-8.130870,-5.886279,20.000000,0.000000,True
2026-04-08 08:04:47+00:00,138.132600,8.132600,130.002260,10.002260,120.000000,140.000000,-8.130340,-5.885895,20.000000,0.000530,True
2026-04-08 08:04:48+00:00,138.132600,8.132600,130.002000,10.002000,120.000000,140.000000,-8.130600,-5.886083,20.000000,0.000260,True
2026-04-08 08:04:49+00:00,138.132600,8.132600,130.001730,10.001730,120.000000,140.000000,-8.130870,-5.886279,20.000000,0.000270,True
2026-04-08 08:04:50+00:00,138.132600,8.132600,130.001860,10.001860,120.000000,140.000000,-8.130740,-5.886185,20.000000,0.000130,True
2026-04-08 08:04:51+00:00,138.132600,8.132600,130.001730,10.001730,120.000000,140.000000,-8.130870,-5.886279,20.000000,0.000130,True
2026-04-08 08:04:52+00:00,138.149760,8.149760,130.001470,10.001470,120.000000,140.000000,-8.148290,-5.898157,20.000000,0.000260,True
2026-04-08 08:04:53+00:00,138.149760,8.149750,130.001730,10.001730,120.000000,140.000000,-8.148030,-5.897969,20.000000,0.000260,True
2026-04-08 08:04:54+00:00,138.149760,8.149750,130.001470,10.001470,120.000000,140.000000,-8.148290,-5.898157,20.000000,0.000260,True
2026-04-08 08:04:55+00:00,138.149760,8.149750,130.002000,10.002000,120.000000,140.000000,-8.147760,-5.897774,20.000000,0.000530,True
2026-04-08 08:04:56+00:00,138.149760,8.149750,130.002130,10.002130,120.000000,140.000000,-8.147630,-5.897679,20.000000,0.000130,True
2026-04-08 08:04:57+00:00,138.149760,8.149750,130.001600,10.001600,120.000000,140.000000,-8.148160,-5.898063,20.000000,0.000530,True
2026-04-08 08:04:58+00:00,138.136220,8.136210,130.001470,10.001470,120.000000,140.000000,-8.134750,-5.888933,20.000000,0.000130,True
2026-04-08 08:04:59+00:00,138.136220,8.136210,130.001470,10.001470,120.000000,140.000000,-8.134750,-5.888933,20.000000,0.000000,True
2026-04-08 08:05:00+00:00,138.136220,8.136220,130.001600,10.001600,120.000000,140.000000,-8.134620,-5.888839,20.000000,0.000130,True
2026-04-08 08:05:01+00:00,138.136220,8.136220,130.002390,10.002390,120.000000,140.000000,-8.133830,-5.888267,20.000000,0.000790,True
2026-04-08 08:05:02+00:00,138.136220,8.136220,130.002390,10.002390,120.000000,140.000000,-8.133830,-5.888267,20.000000,0.000000,True
2026-04-08 08:05:03+00:00,138.136220,8.136220,130.001600,10.001600,120.000000,140.000000,-8.134620,-5.888839,20.000000,0.000790,True
2026-04-08 08:05:04+00:00,138.136220,8.136220,130.001600,10.001600,120.000000,140.000000,-8.134620,-5.888839,20.000000,0.000000,True
2026-04-08 08:05:05+00:00,138.133740,8.133740,130.001730,10.001730,120.000000,140.000000,-8.132010,-5.887056,20.000000,0.000130,True
2026-04-08 08:05:06+00:00,138.133740,8.133750,130.001470,10.001470,120.000000,140.000000,-8.132270,-5.887244,20.000000,0.000260,True
2026-04-08 08:05:07+00:00,138.133740,8.133750,130.001470,10.001470,120.000000,140.000000,-8.132270,-5.887244,20.000000,0.000000,True
2026-04-08 08:05:08+00:00,138.133740,8.133750,130.001860,10.001860,120.000000,140.000000,-8.131880,-5.886961,20.000000,0.000390,True
2026-04-08 08:05:09+00:00,138.138690,8.138700,130.002520,10.002520,120.000000,140.000000,-8.136170,-5.889856,20.000000,0.000660,True
2026-04-08 08:05:10+00:00,138.138690,8.138700,130.001470,10.001470,120.000000,140.000000,-8.137220,-5.890616,20.000000,0.001050,True
2026-04-08 08:05:11+00:00,138.138690,8.138700,130.001730,10.001730,120.000000,140.000000,-8.136960,-5.890428,20.000000,0.000260,True
2026-04-08 08:05:12+00:00,138.138690,8.138680,130.001860,10.001860,120.000000,140.000000,-8.136830,-5.890334,20.000000,0.000130,True
2026-04-08 08:05:13+00:00,138.138690,8.138680,130.001600,10.001600,120.000000,140.000000,-8.137090,-5.890522,20.000000,0.000260,True
2026-04-08 08:05:14+00:00,138.138690,8.138680,130.001470,10.001470,120.000000,140.000000,-8.137220,-5.890616,20.000000,0.000130,True
2026-04-08 08:05:15+00:00,138.135550,8.135540,130.001860,10.001860,120.000000,140.000000,-8.133690,-5.888195,20.000000,0.000390,True
2026-04-08 08:05:16+00:00,138.135550,8.135540,130.001600,10.001600,120.000000,140.000000,-8.133950,-5.888383,20.000000,0.000260,True
2026-04-08 08:05:17+00:00,138.135550,8.135540,130.002390,10.002390,120.000000,140.000000,-8.133160,-5.887811,20.000000,0.000790,True
2026-04-08 08:05:18+00:00,138.135550,8.135540,130.002260,10.002260,120.000000,140.000000,-8.133290,-5.887905,20.000000,0.000130,True
2026-04-08 08:05:19+00:00,138.135550,8.135540,130.001600,10.001600,120.000000,140.000000,-8.133950,-5.888383,20.000000,0.000660,True
2026-04-08 08:05:20+00:00,138.139280,8.139270,130.001470,10.001470,120.000000,140.000000,-8.137810,-5.891018,20.000000,0.000130,True
2026-04-08 08:05:21+00:00,138.139280,8.139270,130.002520,10.002520,120.000000,140.000000,-8.136760,-5.890258,20.000000,0.001050,True
2026-04-08 08:05:22+00:00,138.139280,8.139270,130.001730,10.001730,120.000000,140.000000,-8.137550,-5.890830,20.000000,0.000790,True
2026-04-08 08:05:23+00:00,138.139280,8.139270,130.001860,10.001860,120.000000,140.000000,-8.137420,-5.890736,20.000000,0.000130,True
2026-04-08 08:05:24+00:00,138.139280,8.139290,130.002000,10.002000,120.000000,140.000000,-8.137280,-5.890634,20.000000,0.000140,True
2026-04-08 08:05:25+00:00,138.139280,8.139290,130.001470,10.001470,120.000000,140.000000,-8.137810,-5.891018,20.000000,0.000530,True
2026-04-08 08:05:26+00:00,138.139280,8.139290,130.001860,10.001860,120.000000,140.000000,-8.137420,-5.890736,20.000000,0.000390,True
2026-04-08 08:05:27+00:00,138.146710,8.146720,130.002130,10.002130,120.000000,140.000000,-8.144580,-5.895602,20.000000,0.000270,True
2026-04-08 08:05:28+00:00,138.146710,8.146720,130.001730,10.001730,120.000000,140.000000,-8.144980,-5.895891,20.000000,0.000400,True
2026-04-08 08:05:29+00:00,138.146710,8.146720,130.001470,10.001470,120.000000,140.000000,-8.145240,-5.896080,20.000000,0.000260,True
2026-04-08 08:05:30+00:00,138.146710,8.146700,130.001730,10.001730,120.000000,140.000000,-8.144980,-5.895891,20.000000,0.000260,True
2026-04-08 08:05:31+00:00,138.146020,8.146010,130.001730,10.001730,120.000000,140.000000,-8.144290,-5.895421,20.000000,0.000000,True
2026-04-08 08:05:32+00:00,138.146020,8.146010,130.002000,10.002000,120.000000,140.000000,-8.144020,-5.895226,20.000000,0.000270,True
2026-04-08 08:05:33+00:00,138.146020,8.146010,130.001730,10.001730,120.000000,140.000000,-8.144290,-5.895421,20.000000,0.000270,True
2026-04-08 08:05:34+00:00,138.146020,8.146010,130.002000,10.002000,120.000000,140.000000,-8.144020,-5.895226,20.000000,0.000270,True
2026-04-08 08:05:35+00:00,138.146020,8.146030,130.002520,10.002520,120.000000,140.000000,-8.143500,-5.894850,20.000000,0.000520,True
2026-04-08 08:05:36+00:00,138.146020,8.146030,130.001600,10.001600,120.000000,140.000000,-8.144420,-5.895515,20.000000,0.000920,True
2026-04-08 08:05:37+00:00,138.145720,8.145730,130.002000,10.002000,120.000000,140.000000,-8.143720,-5.895022,20.000000,0.000400,True
2026-04-08 08:05:38+00:00,138.145720,8.145730,130.001730,10.001730,120.000000,140.000000,-8.143990,-5.895217,20.000000,0.000270,True
2026-04-08 08:05:39+00:00,138.145720,8.145730,130.001860,10.001860,120.000000,140.000000,-8.143860,-5.895123,20.000000,0.000130,True
2026-04-08 08:05:40+00:00,138.145720,8.145730,130.002390,10.002390,120.000000,140.000000,-8.143330,-5.894739,20.000000,0.000530,True
2026-04-08 08:05:41+00:00,138.145720,8.145720,130.001730,10.001730,120.000000,140.000000,-8.143990,-5.895217,20.000000,0.000660,True
2026-04-08 08:05:42+00:00,138.148470,8.148470,130.001730,10.001730,120.000000,140.000000,-8.146740,-5.897090,20.000000,0.000000,True
2026-04-08 08:05:43+00:00,138.148470,8.148470,130.001730,10.001730,120.000000,140.000000,-8.146740,-5.897090,20.000000,0.000000,True
2026-04-08 08:05:44+00:00,138.148470,8.148470,130.001730,10.001730,120.000000,140.000000,-8.146740,-5.897090,20.000000,0.000000,True
2026-04-08 08:05:45+00:00,138.148470,8.148470,130.002130,10.002130,120.000000,140.000000,-8.146340,-5.896801,20.000000,0.000400,True
2026-04-08 08:05:46+00:00,138.148470,8.148470,130.001470,10.001470,120.000000,140.000000,-8.147000,-5.897278,20.000000,0.000660,True
2026-04-08 08:05:47+00:00,138.148470,8.148470,130.002000,10.002000,120.000000,140.000000,-8.146470,-5.896895,20.000000,0.000530,True
2026-04-08 08:05:48+00:00,138.148470,8.148460,130.002390,10.002390,120.000000,140.000000,-8.146080,-5.896613,20.000000,0.000390,True
2026-04-08 08:05:49+00:00,138.139000,8.138990,130.001470,10.001470,120.000000,140.000000,-8.137530,-5.890827,20.000000,0.000920,True
2026-04-08 08:05:50+00:00,138.139000,8.138990,130.001730,10.001730,120.000000,140.000000,-8.137270,-5.890639,20.000000,0.000260,True
2026-04-08 08:05:51+00:00,138.139000,8.138990,130.001470,10.001470,120.000000,140.000000,-8.137530,-5.890827,20.000000,0.000260,True
2026-04-08 08:05:52+00:00,138.139000,8.138990,130.001730,10.001730,120.000000,140.000000,-8.137270,-5.890639,20.000000,0.000260,True
2026-04-08 08:05:53+00:00,138.139000,8.138990,130.001730,10.001730,120.000000,140.000000,-8.137270,-5.890639,20.000000,0.000000,True
2026-04-08 08:05:54+00:00,138.142110,8.142100,130.001600,10.001600,120.000000,140.000000,-8.140510,-5.892852,20.000000,0.000130,True
2026-04-08 08:05:55+00:00,138.142110,8.142100,130.002390,10.002390,120.000000,140.000000,-8.139720,-5.892280,20.000000,0.000790,True
2026-04-08 08:05:56+00:00,138.142110,8.142100,130.002390,10.002390,120.000000,140.000000,-8.139720,-5.892280,20.000000,0.000000,True
2026-04-08 08:05:57+00:00,138.142110,8.142100,130.001860,10.001860,120.000000,140.000000,-8.140250,-5.892664,20.000000,0.000530,True
2026-04-08 08:05:58+00:00,138.142110,8.142100,130.001600,10.001600,120.000000,140.000000,-8.140510,-5.892852,20.000000,0.000260,True
2026-04-08 08:05:59+00:00,138.142110,8.142100,130.002000,10.002000,120.000000,140.000000,-8.140110,-5.892562,20.000000,0.000400,True
2026-04-08 08:06:00+00:00,138.140430,8.140420,130.001470,10.001470,120.000000,140.000000,-8.138960,-5.891802,20.000000,0.000530,True
2026-04-08 08:06:01+00:00,138.140430,8.140420,130.001860,10.001860,120.000000,140.000000,-8.138570,-5.891519,20.000000,0.000390,True
2026-04-08 08:06:02+00:00,138.140430,8.140420,130.001470,10.001470,120.000000,140.000000,-8.138960,-5.891802,20.000000,0.000390,True
2026-04-08 08:06:03+00:00,138.140430,8.140420,130.002000,10.002000,120.000000,140.000000,-8.138430,-5.891418,20.000000,0.000530,True
2026-04-08 08:06:04+00:00,138.140430,8.140420,130.001600,10.001600,120.000000,140.000000,-8.138830,-5.891707,20.000000,0.000400,True
2026-04-08 08:06:05+00:00,138.140430,8.140420,130.001600,10.001600,120.000000,140.000000,-8.138830,-5.891707,20.000000,0.000000,True
2026-04-08 08:06:06+00:00,138.132770,8.132760,130.001600,10.001600,120.000000,140.000000,-8.131170,-5.886489,20.000000,0.000000,True
2026-04-08 08:06:07+00:00,138.132770,8.132770,130.002260,10.002260,120.000000,140.000000,-8.130510,-5.886011,20.000000,0.000660,True
2026-04-08 08:06:08+00:00,138.132770,8.132770,130.001600,10.001600,120.000000,140.000000,-8.131170,-5.886489,20.000000,0.000660,True
2026-04-08 08:06:09+00:00,138.132770,8.132770,130.001470,10.001470,120.000000,140.000000,-8.131300,-5.886583,20.000000,0.000130,True
2026-04-08 08:06:10+00:00,138.132770,8.132770,130.002000,10.002000,120.000000,140.000000,-8.130770,-5.886199,20.000000,0.000530,True
2026-04-08 08:06:11+00:00,138.132770,8.132770,130.001860,10.001860,120.000000,140.000000,-8.130910,-5.886301,20.000000,0.000140,True
2026-04-08 08:06:12+00:00,138.132770,8.132780,130.001860,10.001860,120.000000,140.000000,-8.130910,-5.886301,20.000000,0.000000,True
2026-04-08 08:06:13+00:00,138.142650,8.142660,130.002390,10.002390,120.000000,140.000000,-8.140260,-5.892648,20.000000,0.000530,True
2026-04-08 08:06:14+00:00,138.142650,8.142660,130.001860,10.001860,120.000000,140.000000,-8.140790,-5.893032,20.000000,0.000530,True
2026-04-08 08:06:15+00:00,138.142650,8.142660,130.001600,10.001600,120.000000,140.000000,-8.141050,-5.893220,20.000000,0.000260,True
2026-04-08 08:06:16+00:00,138.142650,8.142660,130.001860,10.001860,120.000000,140.000000,-8.140790,-5.893032,20.000000,0.000260,True
2026-04-08 08:06:17+00:00,138.142650,8.142660,130.002130,10.002130,120.000000,140.000000,-8.140520,-5.892836,20.000000,0.000270,True
2026-04-08 08:06:18+00:00,138.142650,8.142650,130.001730,10.001730,120.000000,140.000000,-8.140920,-5.893126,20.000000,0.000400,True
2026-04-08 08:06:19+00:00,138.148670,8.148660,130.002130,10.002130,120.000000,140.000000,-8.146540,-5.896937,20.000000,0.000400,True
2026-04-08 08:06:20+00:00,138.148670,8.148660,130.001860,10.001860,120.000000,140.000000,-8.146810,-5.897132,20.000000,0.000270,True
2026-04-08 08:06:21+00:00,138.148670,8.148660,130.002650,10.002650,120.000000,140.000000,-8.146020,-5.896561,20.000000,0.000790,True
2026-04-08 08:06:22+00:00,138.148670,8.148660,130.001600,10.001600,120.000000,140.000000,-8.147070,-5.897321,20.000000,0.001050,True
2026-04-08 08:06:23+00:00,138.148670,8.148660,130.001470,10.001470,120.000000,140.000000,-8.147200,-5.897415,20.000000,0.000130,True
2026-04-08 08:06:24+00:00,138.146260,8.146260,130.002000,10.002000,120.000000,140.000000,-8.144260,-5.895389,20.000000,0.000530,True
2026-04-08 08:06:25+00:00,138.146260,8.146260,130.002260,10.002260,120.000000,140.000000,-8.144000,-5.895201,20.000000,0.000260,True
2026-04-08 08:06:26+00:00,138.146260,8.146260,130.001730,10.001730,120.000000,140.000000,-8.144530,-5.895585,20.000000,0.000530,True
2026-04-08 08:06:27+00:00,138.146260,8.146260,130.002000,10.002000,120.000000,140.000000,-8.144260,-5.895389,20.000000,0.000270,True
2026-04-08 08:06:28+00:00,138.146260,8.146260,130.001730,10.001730,120.000000,140.000000,-8.144530,-5.895585,20.000000,0.000270,True
2026-04-08 08:06:29+00:00,138.146260,8.146260,130.001470,10.001470,120.000000,140.000000,-8.144790,-5.895773,20.000000,0.000260,True
2026-04-08 08:06:30+00:00,138.146260,8.146250,130.002260,10.002260,120.000000,140.000000,-8.144000,-5.895201,20.000000,0.000790,True
2026-04-08 08:06:31+00:00,138.139450,8.139440,130.002000,10.002000,120.000000,140.000000,-8.137450,-5.890750,20.000000,0.000260,True
2026-04-08 08:06:32+00:00,138.139450,8.139440,130.002520,10.002520,120.000000,140.000000,-8.136930,-5.890374,20.000000,0.000520,True
2026-04-08 08:06:33+00:00,138.139450,8.139440,130.001470,10.001470,120.000000,140.000000,-8.137980,-5.891134,20.000000,0.001050,True
2026-04-08 08:06:34+00:00,138.139450,8.139440,130.001470,10.001470,120.000000,140.000000,-8.137980,-5.891134,20.000000,0.000000,True
2026-04-08 08:06:35+00:00,138.139450,8.139440,130.001600,10.001600,120.000000,140.000000,-8.137850,-5.891040,20.000000,0.000130,True
2026-04-08 08:06:36+00:00,138.139450,8.139450,130.001730,10.001730,120.000000,140.000000,-8.137720,-5.890946,20.000000,0.000130,True
2026-04-08 08:06:37+00:00,138.134500,8.134500,130.001860,10.001860,120.000000,140.000000,-8.132640,-5.887479,20.000000,0.000130,True
2026-04-08 08:06:38+00:00,138.134500,8.134500,130.002390,10.002390,120.000000,140.000000,-8.132110,-5.887096,20.000000,0.000530,True
2026-04-08 08:06:39+00:00,138.134500,8.134500,130.001600,10.001600,120.000000,140.000000,-8.132900,-5.887667,20.000000,0.000790,True
2026-04-08 08:06:40+00:00,138.134500,8.134500,130.001470,10.001470,120.000000,140.000000,-8.133030,-5.887762,20.000000,0.000130,True
2026-04-08 08:06:41+00:00,138.134500,8.134500,130.002000,10.002000,120.000000,140.000000,-8.132500,-5.887378,20.000000,0.000530,True
2026-04-08 08:06:42+00:00,138.134500,8.134500,130.002130,10.002130,120.000000,140.000000,-8.132370,-5.887284,20.000000,0.000130,True
2026-04-08 08:06:43+00:00,138.148800,8.148800,130.002260,10.002260,120.000000,140.000000,-8.146540,-5.896931,20.000000,0.000130,True
2026-04-08 08:06:44+00:00,138.148800,8.148800,130.002260,10.002260,120.000000,140.000000,-8.146540,-5.896931,20.000000,0.000000,True
2026-04-08 08:06:45+00:00,138.148800,8.148800,130.001470,10.001470,120.000000,140.000000,-8.147330,-5.897503,20.000000,0.000790,True
2026-04-08 08:06:46+00:00,138.148800,8.148800,130.002130,10.002130,120.000000,140.000000,-8.146670,-5.897026,20.000000,0.000660,True
2026-04-08 08:06:47+00:00,138.148800,8.148800,130.001730,10.001730,120.000000,140.000000,-8.147070,-5.897315,20.000000,0.000400,True
2026-04-08 08:06:48+00:00,138.148800,8.148800,130.002390,10.002390,120.000000,140.000000,-8.146410,-5.896837,20.000000,0.000660,True
2026-04-08 08:06:49+00:00,138.140640,8.140650,130.001860,10.001860,120.000000,140.000000,-8.138780,-5.891662,20.000000,0.000530,True
2026-04-08 08:06:50+00:00,138.140640,8.140650,130.002390,10.002390,120.000000,140.000000,-8.138250,-5.891279,20.000000,0.000530,True
2026-04-08 08:06:51+00:00,138.140640,8.140650,130.001860,10.001860,120.000000,140.000000,-8.138780,-5.891662,20.000000,0.000530,True
2026-04-08 08:06:52+00:00,138.140640,8.140650,130.002130,10.002130,120.000000,140.000000,-8.138510,-5.891467,20.000000,0.000270,True
2026-04-08 08:06:53+00:00,138.140640,8.140650,130.001600,10.001600,120.000000,140.000000,-8.139040,-5.891851,20.000000,0.000530,True
2026-04-08 08:06:54+00:00,138.140640,8.140640,130.001470,10.001470,120.000000,140.000000,-8.139170,-5.891945,20.000000,0.000130,True
2026-04-08 08:06:55+00:00,138.130590,8.130590,130.002520,10.002520,120.000000,140.000000,-8.128070,-5.884337,20.000000,0.001050,True
2026-04-08 08:06:56+00:00,138.130590,8.130590,130.002130,10.002130,120.000000,140.000000,-8.128460,-5.884620,20.000000,0.000390,True
2026-04-08 08:06:57+00:00,138.130590,8.130590,130.001600,10.001600,120.000000,140.000000,-8.128990,-5.885003,20.000000,0.000530,True
2026-04-08 08:06:58+00:00,138.130590,8.130590,130.002130,10.002130,120.000000,140.000000,-8.128460,-5.884620,20.000000,0.000530,True
2026-04-08 08:06:59+00:00,138.130590,8.130590,130.002000,10.002000,120.000000,140.000000,-8.128590,-5.884714,20.000000,0.000130,True
2026-04-08 08:07:00+00:00,138.138990,8.139000,130.001600,10.001600,120.000000,140.000000,-8.137390,-5.890726,20.000000,0.000400,True
2026-04-08 08:07:01+00:00,138.138990,8.139000,130.001600,10.001600,120.000000,140.000000,-8.137390,-5.890726,20.000000,0.000000,True
2026-04-08 08:07:02+00:00,138.138990,8.139000,130.002390,10.002390,120.000000,140.000000,-8.136600,-5.890155,20.000000,0.000790,True
2026-04-08 08:07:03+00:00,138.138990,8.139000,130.001730,10.001730,120.000000,140.000000,-8.137260,-5.890632,20.000000,0.000660,True
2026-04-08 08:07:04+00:00,138.138990,8.139000,130.001470,10.001470,120.000000,140.000000,-8.137520,-5.890821,20.000000,0.000260,True
2026-04-08 08:07:05+00:00,138.142530,8.142520,130.001730,10.001730,120.000000,140.000000,-8.140800,-5.893044,20.000000,0.000260,True
2026-04-08 08:07:06+00:00,138.142530,8.142520,130.001470,10.001470,120.000000,140.000000,-8.141060,-5.893232,20.000000,0.000260,True
2026-04-08 08:07:07+00:00,138.142530,8.142520,130.002260,10.002260,120.000000,140.000000,-8.140270,-5.892660,20.000000,0.000790,True
2026-04-08 08:07:08+00:00,138.142530,8.142520,130.002130,10.002130,120.000000,140.000000,-8.140400,-5.892754,20.000000,0.000130,True
2026-04-08 08:07:09+00:00,138.142530,8.142520,130.002000,10.002000,120.000000,140.000000,-8.140530,-5.892848,20.000000,0.000130,True
2026-04-08 08:07:10+00:00,138.142530,8.142520,130.001470,10.001470,120.000000,140.000000,-8.141060,-5.893232,20.000000,0.000530,True
2026-04-08 08:07:11+00:00,138.131740,8.131730,130.001600,10.001600,120.000000,140.000000,-8.130140,-5.885787,20.000000,0.000130,True
2026-04-08 08:07:12+00:00,138.131740,8.131730,130.001730,10.001730,120.000000,140.000000,-8.130010,-5.885693,20.000000,0.000130,True
2026-04-08 08:07:13+00:00,138.131740,8.131730,130.001470,10.001470,120.000000,140.000000,-8.130270,-5.885881,20.000000,0.000260,True
2026-04-08 08:07:14+00:00,138.131740,8.131730,130.002130,10.002130,120.000000,140.000000,-8.129610,-5.885403,20.000000,0.000660,True
2026-04-08 08:07:15+00:00,138.131740,8.131730,130.001470,10.001470,120.000000,140.000000,-8.130270,-5.885881,20.000000,0.000660,True
2026-04-08 08:07:16+00:00,138.131740,8.131730,130.002260,10.002260,120.000000,140.000000,-8.129480,-5.885309,20.000000,0.000790,True
2026-04-08 08:07:17+00:00,138.147160,8.147150,130.002000,10.002000,120.000000,140.000000,-8.145160,-5.896002,20.000000,0.000260,True
2026-04-08 08:07:18+00:00,138.147160,8.147160,130.001730,10.001730,120.000000,140.000000,-8.145430,-5.896198,20.000000,0.000270,True
2026-04-08 08:07:19+00:00,138.147160,8.147150,130.001470,10.001470,120.000000,140.000000,-8.145690,-5.896386,20.000000,0.000260,True
2026-04-08 08:07:20+00:00,138.147160,8.147150,130.001730,10.001730,120.000000,140.000000,-8.145430,-5.896198,20.000000,0.000260,True
2026-04-08 08:07:21+00:00,138.147160,8.147150,130.002130,10.002130,120.000000,140.000000,-8.145030,-5.895908,20.000000,0.000400,True
2026-04-08 08:07:22+00:00,138.147160,8.147150,130.001470,10.001470,120.000000,140.000000,-8.145690,-5.896386,20.000000,0.000660,True
2026-04-08 08:07:23+00:00,138.146980,8.146970,130.002520,10.002520,120.000000,140.000000,-8.144460,-5.895503,20.000000,0.001050,True
2026-04-08 08:07:24+00:00,138.146980,8.146970,130.001860,10.001860,120.000000,140.000000,-8.145120,-5.895981,20.000000,0.000660,True
2026-04-08 08:07:25+00:00,138.146980,8.146980,130.001730,10.001730,120.000000,140.000000,-8.145250,-5.896075,20.000000,0.000130,True
2026-04-08 08:07:26+00:00,138.146980,8.146980,130.001730,10.001730,120.000000,140.000000,-8.145250,-5.896075,20.000000,0.000000,True
2026-04-08 08:07:27+00:00,138.146980,8.146980,130.001470,10.001470,120.000000,140.000000,-8.145510,-5.896264,20.000000,0.000260,True
2026-04-08 08:07:28+00:00,138.134280,8.134280,130.001730,10.001730,120.000000,140.000000,-8.132550,-5.887423,20.000000,0.000260,True
2026-04-08 08:07:29+00:00,138.134280,8.134280,130.001470,10.001470,120.000000,140.000000,-8.132810,-5.887612,20.000000,0.000260,True
2026-04-08 08:07:30+00:00,138.134280,8.134270,130.001860,10.001860,120.000000,140.000000,-8.132420,-5.887329,20.000000,0.000390,True
2026-04-08 08:07:31+00:00,138.134280,8.134270,130.002130,10.002130,120.000000,140.000000,-8.132150,-5.887134,20.000000,0.000270,True
2026-04-08 08:07:32+00:00,138.134280,8.134270,130.001860,10.001860,120.000000,140.000000,-8.132420,-5.887329,20.000000,0.000270,True
2026-04-08 08:07:33+00:00,138.143730,8.143720,130.002260,10.002260,120.000000,140.000000,-8.141470,-5.893478,20.000000,0.000400,True
2026-04-08 08:07:34+00:00,138.143730,8.143720,130.001470,10.001470,120.000000,140.000000,-8.142260,-5.894050,20.000000,0.000790,True
2026-04-08 08:07:35+00:00,138.143730,8.143720,130.001470,10.001470,120.000000,140.000000,-8.142260,-5.894050,20.000000,0.000000,True
2026-04-08 08:07:36+00:00,138.143730,8.143720,130.002260,10.002260,120.000000,140.000000,-8.141470,-5.893478,20.000000,0.000790,True
2026-04-08 08:07:37+00:00,138.143730,8.143720,130.001730,10.001730,120.000000,140.000000,-8.142000,-5.893861,20.000000,0.000530,True
2026-04-08 08:07:38+00:00,138.143730,8.143720,130.002650,10.002650,120.000000,140.000000,-8.141080,-5.893195,20.000000,0.000920,True
2026-04-08 08:07:39+00:00,138.141840,8.141830,130.001600,10.001600,120.000000,140.000000,-8.140240,-5.892668,20.000000,0.001050,True
2026-04-08 08:07:40+00:00,138.141840,8.141830,130.001860,10.001860,120.000000,140.000000,-8.139980,-5.892480,20.000000,0.000260,True
2026-04-08 08:07:41+00:00,138.141840,8.141850,130.002130,10.002130,120.000000,140.000000,-8.139710,-5.892284,20.000000,0.000270,True
2026-04-08 08:07:42+00:00,138.141840,8.141850,130.002000,10.002000,120.000000,140.000000,-8.139840,-5.892378,20.000000,0.000130,True
2026-04-08 08:07:43+00:00,138.141840,8.141840,130.002130,10.002130,120.000000,140.000000,-8.139710,-5.892284,20.000000,0.000130,True
2026-04-08 08:07:44+00:00,138.138030,8.138030,130.001730,10.001730,120.000000,140.000000,-8.136300,-5.889978,20.000000,0.000400,True
2026-04-08 08:07:45+00:00,138.138030,8.138030,130.002000,10.002000,120.000000,140.000000,-8.136030,-5.889783,20.000000,0.000270,True
2026-04-08 08:07:46+00:00,138.138030,8.138030,130.001860,10.001860,120.000000,140.000000,-8.136170,-5.889884,20.000000,0.000140,True
2026-04-08 08:07:47+00:00,138.138030,8.138030,130.001600,10.001600,120.000000,140.000000,-8.136430,-5.890072,20.000000,0.000260,True
2026-04-08 08:07:48+00:00,138.138030,8.138030,130.002130,10.002130,120.000000,140.000000,-8.135900,-5.889689,20.000000,0.000530,True
2026-04-08 08:07:49+00:00,138.138030,8.138020,130.002390,10.002390,120.000000,140.000000,-8.135640,-5.889501,20.000000,0.000260,True
2026-04-08 08:07:50+00:00,138.138030,8.138020,130.001470,10.001470,120.000000,140.000000,-8.136560,-5.890167,20.000000,0.000920,True
2026-04-08 08:07:51+00:00,138.135380,8.135370,130.001730,10.001730,120.000000,140.000000,-8.133650,-5.888173,20.000000,0.000260,True
2026-04-08 08:07:52+00:00,138.135380,8.135370,130.001860,10.001860,120.000000,140.000000,-8.133520,-5.888079,20.000000,0.000130,True
2026-04-08 08:07:53+00:00,138.135380,8.135370,130.001470,10.001470,120.000000,140.000000,-8.133910,-5.888361,20.000000,0.000390,True
2026-04-08 08:07:54+00:00,138.135380,8.135370,130.002000,10.002000,120.000000,140.000000,-8.133380,-5.887977,20.000000,0.000530,True
2026-04-08 08:07:55+00:00,138.135380,8.135370,130.001600,10.001600,120.000000,140.000000,-8.133780,-5.888267,20.000000,0.000400,True
2026-04-08 08:07:56+00:00,138.146930,8.146920,130.002260,10.002260,120.000000,140.000000,-8.144670,-5.895658,20.000000,0.000660,True
2026-04-08 08:07:57+00:00,138.146930,8.146920,130.001860,10.001860,120.000000,140.000000,-8.145070,-5.895947,20.000000,0.000400,True
2026-04-08 08:07:58+00:00,138.146930,8.146920,130.002000,10.002000,120.000000,140.000000,-8.144930,-5.895846,20.000000,0.000140,True
2026-04-08 08:07:59+00:00,138.146930,8.146920,130.002130,10.002130,120.000000,140.000000,-8.144800,-5.895752,20.000000,0.000130,True
2026-04-08 08:08:00+00:00,138.137000,8.136990,130.001860,10.001860,120.000000,140.000000,-8.135140,-5.889182,20.000000,0.000270,True
2026-04-08 08:08:01+00:00,138.137000,8.137000,130.002130,10.002130,120.000000,140.000000,-8.134870,-5.888987,20.000000,0.000270,True
2026-04-08 08:08:02+00:00,138.137000,8.137000,130.002390,10.002390,120.000000,140.000000,-8.134610,-5.888799,20.000000,0.000260,True
2026-04-08 08:08:03+00:00,138.137000,8.137000,130.001860,10.001860,120.000000,140.000000,-8.135140,-5.889182,20.000000,0.000530,True
2026-04-08 08:08:04+00:00,138.137000,8.137000,130.001600,10.001600,120.000000,140.000000,-8.135400,-5.889371,20.000000,0.000260,True
2026-04-08 08:08:05+00:00,138.139970,8.139960,130.002000,10.002000,120.000000,140.000000,-8.137970,-5.891105,20.000000,0.000400,True
2026-04-08 08:08:06+00:00,138.139970,8.139960,130.002520,10.002520,120.000000,140.000000,-8.137450,-5.890728,20.000000,0.000520,True
2026-04-08 08:08:07+00:00,138.139970,8.139960,130.002390,10.002390,120.000000,140.000000,-8.137580,-5.890822,20.000000,0.000130,True
2026-04-08 08:08:08+00:00,138.139970,8.139960,130.001600,10.001600,120.000000,140.000000,-8.138370,-5.891394,20.000000,0.000790,True
2026-04-08 08:08:09+00:00,138.139970,8.139960,130.001470,10.001470,120.000000,140.000000,-8.138500,-5.891488,20.000000,0.000130,True
2026-04-08 08:08:10+00:00,138.130620,8.130610,130.001860,10.001860,120.000000,140.000000,-8.128760,-5.884836,20.000000,0.000390,True
2026-04-08 08:08:11+00:00,138.130620,8.130610,130.001600,10.001600,120.000000,140.000000,-8.129020,-5.885024,20.000000,0.000260,True
2026-04-08 08:08:12+00:00,138.130620,8.130610,130.002000,10.002000,120.000000,140.000000,-8.128620,-5.884734,20.000000,0.000400,True
2026-04-08 08:08:13+00:00,138.130620,8.130610,130.001730,10.001730,120.000000,140.000000,-8.128890,-5.884930,20.000000,0.000270,True
2026-04-08 08:08:14+00:00,138.130620,8.130610,130.001860,10.001860,120.000000,140.000000,-8.128760,-5.884836,20.000000,0.000130,True
2026-04-08 08:08:15+00:00,138.130620,8.130610,130.002390,10.002390,120.000000,140.000000,-8.128230,-5.884452,20.000000,0.000530,True
2026-04-08 08:08:16+00:00,138.130620,8.130610,130.001860,10.001860,120.000000,140.000000,-8.128760,-5.884836,20.000000,0.000530,True
2026-04-08 08:08:17+00:00,138.139570,8.139560,130.001600,10.001600,120.000000,140.000000,-8.137970,-5.891122,20.000000,0.000260,True
2026-04-08 08:08:18+00:00,138.139570,8.139560,130.001600,10.001600,120.000000,140.000000,-8.137970,-5.891122,20.000000,0.000000,True
2026-04-08 08:08:19+00:00,138.139570,8.139560,130.001730,10.001730,120.000000,140.000000,-8.137840,-5.891027,20.000000,0.000130,True
2026-04-08 08:08:20+00:00,138.139570,8.139560,130.001730,10.001730,120.000000,140.000000,-8.137840,-5.891027,20.000000,0.000000,True
2026-04-08 08:08:21+00:00,138.142790,8.142780,130.002130,10.002130,120.000000,140.000000,-8.140660,-5.892932,20.000000,0.000400,True
2026-04-08 08:08:22+00:00,138.142790,8.142780,130.001860,10.001860,120.000000,140.000000,-8.140930,-5.893127,20.000000,0.000270,True
2026-04-08 08:08:23+00:00,138.142790,8.142780,130.002390,10.002390,120.000000,140.000000,-8.140400,-5.892743,20.000000,0.000530,True
2026-04-08 08:08:24+00:00,138.142790,8.142780,130.002000,10.002000,120.000000,140.000000,-8.140790,-5.893026,20.000000,0.000390,True
2026-04-08 08:08:25+00:00,138.142790,8.142780,130.002000,10.002000,120.000000,140.000000,-8.140790,-5.893026,20.000000,0.000000,True
2026-04-08 08:08:26+00:00,138.142790,8.142780,130.001860,10.001860,120.000000,140.000000,-8.140930,-5.893127,20.000000,0.000140,True
2026-04-08 08:08:27+00:00,138.142790,8.142780,130.001600,10.001600,120.000000,140.000000,-8.141190,-5.893315,20.000000,0.000260,True
2026-04-08 08:08:28+00:00,138.146390,8.146380,130.001730,10.001730,120.000000,140.000000,-8.144660,-5.895673,20.000000,0.000130,True
2026-04-08 08:08:29+00:00,138.146390,8.146380,130.001470,10.001470,120.000000,140.000000,-8.144920,-5.895862,20.000000,0.000260,True
2026-04-08 08:08:30+00:00,138.146390,8.146400,130.001470,10.001470,120.000000,140.000000,-8.144920,-5.895862,20.000000,0.000000,True
2026-04-08 08:08:31+00:00,138.146390,8.146400,130.002000,10.002000,120.000000,140.000000,-8.144390,-5.895478,20.000000,0.000530,True
2026-04-08 08:08:32+00:00,138.146390,8.146400,130.002000,10.002000,120.000000,140.000000,-8.144390,-5.895478,20.000000,0.000000,True
2026-04-08 08:08:33+00:00,138.141920,8.141930,130.001600,10.001600,120.000000,140.000000,-8.140320,-5.892722,20.000000,0.000400,True
2026-04-08 08:08:34+00:00,138.141920,8.141930,130.001470,10.001470,120.000000,140.000000,-8.140450,-5.892817,20.000000,0.000130,True
2026-04-08 08:08:35+00:00,138.141920,8.141930,130.001600,10.001600,120.000000,140.000000,-8.140320,-5.892722,20.000000,0.000130,True
2026-04-08 08:08:36+00:00,138.141920,8.141920,130.001730,10.001730,120.000000,140.000000,-8.140190,-5.892628,20.000000,0.000130,True
2026-04-08 08:08:37+00:00,138.141920,8.141920,130.001730,10.001730,120.000000,140.000000,-8.140190,-5.892628,20.000000,0.000000,True
2026-04-08 08:08:38+00:00,138.135010,8.135010,130.001470,10.001470,120.000000,140.000000,-8.133540,-5.888109,20.000000,0.000260,True
2026-04-08 08:08:39+00:00,138.135010,8.135010,130.001600,10.001600,120.000000,140.000000,-8.133410,-5.888015,20.000000,0.000130,True
2026-04-08 08:08:40+00:00,138.135010,8.135010,130.001600,10.001600,120.000000,140.000000,-8.133410,-5.888015,20.000000,0.000000,True
2026-04-08 08:08:41+00:00,138.135010,8.135010,130.002130,10.002130,120.000000,140.000000,-8.132880,-5.887631,20.000000,0.000530,True
2026-04-08 08:08:42+00:00,138.135010,8.135010,130.002000,10.002000,120.000000,140.000000,-8.133010,-5.887725,20.000000,0.000130,True
2026-04-08 08:08:43+00:00,138.135010,8.135010,130.001860,10.001860,120.000000,140.000000,-8.133150,-5.887827,20.000000,0.000140,True
2026-04-08 08:08:44+00:00,138.147720,8.147720,130.001860,10.001860,120.000000,140.000000,-8.145860,-5.896485,20.000000,0.000000,True
2026-04-08 08:08:45+00:00,138.147720,8.147720,130.001860,10.001860,120.000000,140.000000,-8.145860,-5.896485,20.000000,0.000000,True
2026-04-08 08:08:46+00:00,138.147720,8.147720,130.002130,10.002130,120.000000,140.000000,-8.145590,-5.896290,20.000000,0.000270,True
2026-04-08 08:08:47+00:00,138.147720,8.147720,130.001860,10.001860,120.000000,140.000000,-8.145860,-5.896485,20.000000,0.000270,True
2026-04-08 08:08:48+00:00,138.147720,8.147720,130.001600,10.001600,120.000000,140.000000,-8.146120,-5.896674,20.000000,0.000260,True
2026-04-08 08:08:49+00:00,138.143430,8.143430,130.002520,10.002520,120.000000,140.000000,-8.140910,-5.893085,20.000000,0.000920,True
2026-04-08 08:08:50+00:00,138.143430,8.143430,130.001860,10.001860,120.000000,140.000000,-8.141570,-5.893563,20.000000,0.000660,True
2026-04-08 08:08:51+00:00,138.143430,8.143430,130.001860,10.001860,120.000000,140.000000,-8.141570,-5.893563,20.000000,0.000000,True
2026-04-08 08:08:52+00:00,138.143430,8.143430,130.001470,10.001470,120.000000,140.000000,-8.141960,-5.893845,20.000000,0.000390,True
2026-04-08 08:08:53+00:00,138.143430,8.143420,130.002000,10.002000,120.000000,140.000000,-8.141430,-5.893462,20.000000,0.000530,True
2026-04-08 08:08:54+00:00,138.141450,8.141440,130.002520,10.002520,120.000000,140.000000,-8.138930,-5.891736,20.000000,0.000520,True
2026-04-08 08:08:55+00:00,138.141450,8.141440,130.002130,10.002130,120.000000,140.000000,-8.139320,-5.892019,20.000000,0.000390,True
2026-04-08 08:08:56+00:00,138.141450,8.141440,130.001470,10.001470,120.000000,140.000000,-8.139980,-5.892496,20.000000,0.000660,True
2026-04-08 08:08:57+00:00,138.141450,8.141440,130.001470,10.001470,120.000000,140.000000,-8.139980,-5.892496,20.000000,0.000000,True
2026-04-08 08:08:58+00:00,138.141450,8.141440,130.001470,10.001470,120.000000,140.000000,-8.139980,-5.892496,20.000000,0.000000,True
2026-04-08 08:08:59+00:00,138.136430,8.136420,130.001470,10.001470,120.000000,140.000000,-8.134960,-5.889076,20.000000,0.000000,True
2026-04-08 08:09:00+00:00,138.136430,8.136420,130.001860,10.001860,120.000000,140.000000,-8.134570,-5.888794,20.000000,0.000390,True
2026-04-08 08:09:01+00:00,138.136430,8.136430,130.001860,10.001860,120.000000,140.000000,-8.134570,-5.888794,20.000000,0.000000,True
2026-04-08 08:09:02+00:00,138.136430,8.136430,130.002000,10.002000,120.000000,140.000000,-8.134430,-5.888693,20.000000,0.000140,True
2026-04-08 08:09:03+00:00,138.136430,8.136430,130.002000,10.002000,120.000000,140.000000,-8.134430,-5.888693,20.000000,0.000000,True
2026-04-08 08:09:04+00:00,138.136430,8.136430,130.001730,10.001730,120.000000,140.000000,-8.134700,-5.888888,20.000000,0.000270,True
2026-04-08 08:09:05+00:00,138.136430,8.136430,130.001730,10.001730,120.000000,140.000000,-8.134700,-5.888888,20.000000,0.000000,True
2026-04-08 08:09:06+00:00,138.133780,8.133770,130.002390,10.002390,120.000000,140.000000,-8.131390,-5.886605,20.000000,0.000660,True
2026-04-08 08:09:07+00:00,138.133780,8.133770,130.001860,10.001860,120.000000,140.000000,-8.131920,-5.886989,20.000000,0.000530,True
2026-04-08 08:09:08+00:00,138.133780,8.133770,130.002130,10.002130,120.000000,140.000000,-8.131650,-5.886793,20.000000,0.000270,True
2026-04-08 08:09:09+00:00,138.133780,8.133770,130.001600,10.001600,120.000000,140.000000,-8.132180,-5.887177,20.000000,0.000530,True
2026-04-08 08:09:10+00:00,138.142330,8.142320,130.001730,10.001730,120.000000,140.000000,-8.140600,-5.892908,20.000000,0.000130,True
2026-04-08 08:09:11+00:00,138.142330,8.142320,130.001860,10.001860,120.000000,140.000000,-8.140470,-5.892814,20.000000,0.000130,True
2026-04-08 08:09:12+00:00,138.142330,8.142320,130.001860,10.001860,120.000000,140.000000,-8.140470,-5.892814,20.000000,0.000000,True
2026-04-08 08:09:13+00:00,138.142330,8.142320,130.001600,10.001600,120.000000,140.000000,-8.140730,-5.893002,20.000000,0.000260,True
2026-04-08 08:09:14+00:00,138.142330,8.142320,130.001730,10.001730,120.000000,140.000000,-8.140600,-5.892908,20.000000,0.000130,True
2026-04-08 08:09:15+00:00,138.142330,8.142320,130.002260,10.002260,120.000000,140.000000,-8.140070,-5.892524,20.000000,0.000530,True
2026-04-08 08:09:16+00:00,138.146040,8.146030,130.001470,10.001470,120.000000,140.000000,-8.144570,-5.895623,20.000000,0.000790,True
2026-04-08 08:09:17+00:00,138.146040,8.146040,130.001600,10.001600,120.000000,140.000000,-8.144440,-5.895529,20.000000,0.000130,True
2026-04-08 08:09:18+00:00,138.146040,8.146030,130.002260,10.002260,120.000000,140.000000,-8.143780,-5.895051,20.000000,0.000660,True
2026-04-08 08:09:19+00:00,138.146040,8.146030,130.002260,10.002260,120.000000,140.000000,-8.143780,-5.895051,20.000000,0.000000,True
2026-04-08 08:09:20+00:00,138.146040,8.146030,130.001470,10.001470,120.000000,140.000000,-8.144570,-5.895623,20.000000,0.000790,True
2026-04-08 08:09:21+00:00,138.146040,8.146030,130.001860,10.001860,120.000000,140.000000,-8.144180,-5.895341,20.000000,0.000390,True
2026-04-08 08:09:22+00:00,138.141550,8.141540,130.001730,10.001730,120.000000,140.000000,-8.139820,-5.892376,20.000000,0.000130,True
2026-04-08 08:09:23+00:00,138.141550,8.141540,130.001730,10.001730,120.000000,140.000000,-8.139820,-5.892376,20.000000,0.000000,True
2026-04-08 08:09:24+00:00,138.141550,8.141540,130.001730,10.001730,120.000000,140.000000,-8.139820,-5.892376,20.000000,0.000000,True
2026-04-08 08:09:25+00:00,138.141550,8.141540,130.001470,10.001470,120.000000,140.000000,-8.140080,-5.892565,20.000000,0.000260,True
2026-04-08 08:09:26+00:00,138.141550,8.141540,130.001470,10.001470,120.000000,140.000000,-8.140080,-5.892565,20.000000,0.000000,True
2026-04-08 08:09:27+00:00,138.130680,8.130670,130.001600,10.001600,120.000000,140.000000,-8.129080,-5.885065,20.000000,0.000130,True
2026-04-08 08:09:28+00:00,138.130680,8.130670,130.001600,10.001600,120.000000,140.000000,-8.129080,-5.885065,20.000000,0.000000,True
2026-04-08 08:09:29+00:00,138.130680,8.130670,130.002260,10.002260,120.000000,140.000000,-8.128420,-5.884587,20.000000,0.000660,True
2026-04-08 08:09:30+00:00,138.130680,8.130680,130.001730,10.001730,120.000000,140.000000,-8.128950,-5.884971,20.000000,0.000530,True
2026-04-08 08:09:31+00:00,138.130680,8.130680,130.001730,10.001730,120.000000,140.000000,-8.128950,-5.884971,20.000000,0.000000,True
2026-04-08 08:09:32+00:00,138.132740,8.132740,130.002650,10.002650,120.000000,140.000000,-8.130090,-5.885708,20.000000,0.000920,True
2026-04-08 08:09:33+00:00,138.132740,8.132740,130.001600,10.001600,120.000000,140.000000,-8.131140,-5.886468,20.000000,0.001050,True
2026-04-08 08:09:34+00:00,138.132740,8.132740,130.001600,10.001600,120.000000,140.000000,-8.131140,-5.886468,20.000000,0.000000,True
2026-04-08 08:09:35+00:00,138.132740,8.132730,130.002390,10.002390,120.000000,140.000000,-8.130350,-5.885896,20.000000,0.000790,True
2026-04-08 08:09:36+00:00,138.132740,8.132730,130.002000,10.002000,120.000000,140.000000,-8.130740,-5.886179,20.000000,0.000390,True
2026-04-08 08:09:37+00:00,138.132740,8.132730,130.001600,10.001600,120.000000,140.000000,-8.131140,-5.886468,20.000000,0.000400,True
2026-04-08 08:09:38+00:00,138.132740,8.132730,130.002000,10.002000,120.000000,140.000000,-8.130740,-5.886179,20.000000,0.000400,True
2026-04-08 08:09:39+00:00,138.136590,8.136580,130.001470,10.001470,120.000000,140.000000,-8.135120,-5.889185,20.000000,0.000530,True
2026-04-08 08:09:40+00:00,138.136590,8.136580,130.001730,10.001730,120.000000,140.000000,-8.134860,-5.888997,20.000000,0.000260,True
2026-04-08 08:09:41+00:00,138.136590,8.136580,130.001860,10.001860,120.000000,140.000000,-8.134730,-5.888903,20.000000,0.000130,True
2026-04-08 08:09:42+00:00,138.136590,8.136580,130.002000,10.002000,120.000000,140.000000,-8.134590,-5.888802,20.000000,0.000140,True
2026-04-08 08:09:43+00:00,138.141660,8.141650,130.001470,10.001470,120.000000,140.000000,-8.140190,-5.892639,20.000000,0.000530,True
2026-04-08 08:09:44+00:00,138.141660,8.141650,130.002000,10.002000,120.000000,140.000000,-8.139660,-5.892256,20.000000,0.000530,True
2026-04-08 08:09:45+00:00,138.141660,8.141650,130.001470,10.001470,120.000000,140.000000,-8.140190,-5.892639,20.000000,0.000530,True
2026-04-08 08:09:46+00:00,138.141660,8.141650,130.002130,10.002130,120.000000,140.000000,-8.139530,-5.892162,20.000000,0.000660,True
2026-04-08 08:09:47+00:00,138.141660,8.141650,130.001860,10.001860,120.000000,140.000000,-8.139800,-5.892357,20.000000,0.000270,True
2026-04-08 08:09:48+00:00,138.141660,8.141650,130.001600,10.001600,120.000000,140.000000,-8.140060,-5.892545,20.000000,0.000260,True
2026-04-08 08:09:49+00:00,138.141660,8.141650,130.001470,10.001470,120.000000,140.000000,-8.140190,-5.892639,20.000000,0.000130,True
2026-04-08 08:09:50+00:00,138.144470,8.144460,130.001470,10.001470,120.000000,140.000000,-8.143000,-5.894554,20.000000,0.000000,True
2026-04-08 08:09:51+00:00,138.144470,8.144460,130.001730,10.001730,120.000000,140.000000,-8.142740,-5.894366,20.000000,0.000260,True
2026-04-08 08:09:52+00:00,138.144470,8.144460,130.001730,10.001730,120.000000,140.000000,-8.142740,-5.894366,20.000000,0.000000,True
2026-04-08 08:09:53+00:00,138.144470,8.144460,130.002650,10.002650,120.000000,140.000000,-8.141820,-5.893700,20.000000,0.000920,True
2026-04-08 08:09:54+00:00,138.144470,8.144460,130.001730,10.001730,120.000000,140.000000,-8.142740,-5.894366,20.000000,0.000920,True
2026-04-08 08:09:55+00:00,138.147330,8.147330,130.001860,10.001860,120.000000,140.000000,-8.145470,-5.896220,20.000000,0.000130,True
2026-04-08 08:09:56+00:00,138.147330,8.147330,130.001860,10.001860,120.000000,140.000000,-8.145470,-5.896220,20.000000,0.000000,True
2026-04-08 08:09:57+00:00,138.147330,8.147330,130.002650,10.002650,120.000000,140.000000,-8.144680,-5.895648,20.000000,0.000790,True
2026-04-08 08:09:58+00:00,138.147330,8.147330,130.001860,10.001860,120.000000,140.000000,-8.145470,-5.896220,20.000000,0.000790,True
2026-04-08 08:09:59+00:00,138.147330,8.147330,130.001600,10.001600,120.000000,140.000000,-8.145730,-5.896408,20.000000,0.000260,True
2026-04-08 08:10:00+00:00,138.136710,8.136720,130.001470,10.001470,120.000000,140.000000,-8.135240,-5.889267,20.000000,0.000130,True
2026-04-08 08:10:01+00:00,138.136710,8.136720,130.001860,10.001860,120.000000,140.000000,-8.134850,-5.888985,20.000000,0.000390,True
2026-04-08 08:10:02+00:00,138.136710,8.136720,130.002260,10.002260,120.000000,140.000000,-8.134450,-5.888695,20.000000,0.000400,True
2026-04-08 08:10:03+00:00,138.136710,8.136720,130.002130,10.002130,120.000000,140.000000,-8.134580,-5.888789,20.000000,0.000130,True
2026-04-08 08:10:04+00:00,138.136710,8.136720,130.002520,10.002520,120.000000,140.000000,-8.134190,-5.888507,20.000000,0.000390,True
2026-04-08 08:10:05+00:00,138.136710,8.136720,130.001730,10.001730,120.000000,140.000000,-8.134980,-5.889079,20.000000,0.000790,True
2026-04-08 08:10:06+00:00,138.136710,8.136720,130.002130,10.002130,120.000000,140.000000,-8.134580,-5.888789,20.000000,0.000400,True
2026-04-08 08:10:07+00:00,138.140070,8.140070,130.002520,10.002520,120.000000,140.000000,-8.137550,-5.890796,20.000000,0.000390,True
2026-04-08 08:10:08+00:00,138.140070,8.140070,130.001730,10.001730,120.000000,140.000000,-8.138340,-5.891368,20.000000,0.000790,True
2026-04-08 08:10:09+00:00,138.140070,8.140070,130.002000,10.002000,120.000000,140.000000,-8.138070,-5.891173,20.000000,0.000270,True
2026-04-08 08:10:10+00:00,138.140070,8.140070,130.001470,10.001470,120.000000,140.000000,-8.138600,-5.891556,20.000000,0.000530,True
2026-04-08 08:10:11+00:00,138.140070,8.140070,130.002130,10.002130,120.000000,140.000000,-8.137940,-5.891079,20.000000,0.000660,True
2026-04-08 08:10:12+00:00,138.140070,8.140070,130.001470,10.001470,120.000000,140.000000,-8.138600,-5.891556,20.000000,0.000660,True
2026-04-08 08:10:13+00:00,138.138270,8.138280,130.002520,10.002520,120.000000,140.000000,-8.135750,-5.889570,20.000000,0.001050,True
2026-04-08 08:10:14+00:00,138.138270,8.138280,130.002000,10.002000,120.000000,140.000000,-8.136270,-5.889946,20.000000,0.000520,True
2026-04-08 08:10:15+00:00,138.138270,8.138280,130.001860,10.001860,120.000000,140.000000,-8.136410,-5.890048,20.000000,0.000140,True
2026-04-08 08:10:16+00:00,138.138270,8.138280,130.002520,10.002520,120.000000,140.000000,-8.135750,-5.889570,20.000000,0.000660,True
2026-04-08 08:10:17+00:00,138.138270,8.138280,130.001600,10.001600,120.000000,140.000000,-8.136670,-5.890236,20.000000,0.000920,True
2026-04-08 08:10:18+00:00,138.142860,8.142870,130.001600,10.001600,120.000000,140.000000,-8.141260,-5.893363,20.000000,0.000000,True
2026-04-08 08:10:19+00:00,138.142860,8.142860,130.001860,10.001860,120.000000,140.000000,-8.141000,-5.893175,20.000000,0.000260,True
2026-04-08 08:10:20+00:00,138.142860,8.142860,130.001470,10.001470,120.000000,140.000000,-8.141390,-5.893457,20.000000,0.000390,True
2026-04-08 08:10:21+00:00,138.142860,8.142860,130.001600,10.001600,120.000000,140.000000,-8.141260,-5.893363,20.000000,0.000130,True
2026-04-08 08:10:22+00:00,138.142860,8.142860,130.001860,10.001860,120.000000,140.000000,-8.141000,-5.893175,20.000000,0.000260,True
2026-04-08 08:10:23+00:00,138.141690,8.141690,130.002520,10.002520,120.000000,140.000000,-8.139170,-5.891900,20.000000,0.000660,True
2026-04-08 08:10:24+00:00,138.141690,8.141680,130.002130,10.002130,120.000000,140.000000,-8.139560,-5.892182,20.000000,0.000390,True
2026-04-08 08:10:25+00:00,138.141690,8.141680,130.002390,10.002390,120.000000,140.000000,-8.139300,-5.891994,20.000000,0.000260,True
2026-04-08 08:10:26+00:00,138.141690,8.141680,130.002130,10.002130,120.000000,140.000000,-8.139560,-5.892182,20.000000,0.000260,True
2026-04-08 08:10:27+00:00,138.141690,8.141680,130.001470,10.001470,120.000000,140.000000,-8.140220,-5.892660,20.000000,0.000660,True
2026-04-08 08:10:28+00:00,138.132380,8.132370,130.002130,10.002130,120.000000,140.000000,-8.130250,-5.885839,20.000000,0.000660,True
2026-04-08 08:10:29+00:00,138.132380,8.132370,130.001470,10.001470,120.000000,140.000000,-8.130910,-5.886317,20.000000,0.000660,True
2026-04-08 08:10:30+00:00,138.132380,8.132370,130.001730,10.001730,120.000000,140.000000,-8.130650,-5.886129,20.000000,0.000260,True
2026-04-08 08:10:31+00:00,138.132380,8.132370,130.001730,10.001730,120.000000,140.000000,-8.130650,-5.886129,20.000000,0.000000,True
2026-04-08 08:10:32+00:00,138.132380,8.132370,130.002260,10.002260,120.000000,140.000000,-8.130120,-5.885745,20.000000,0.000530,True
2026-04-08 08:10:33+00:00,138.132380,8.132370,130.002130,10.002130,120.000000,140.000000,-8.130250,-5.885839,20.000000,0.000130,True
2026-04-08 08:10:34+00:00,138.131390,8.131380,130.001470,10.001470,120.000000,140.000000,-8.129920,-5.885643,20.000000,0.000660,True
2026-04-08 08:10:35+00:00,138.131390,8.131390,130.001860,10.001860,120.000000,140.000000,-8.129530,-5.885360,20.000000,0.000390,True
2026-04-08 08:10:36+00:00,138.131390,8.131390,130.002260,10.002260,120.000000,140.000000,-8.129130,-5.885071,20.000000,0.000400,True
2026-04-08 08:10:37+00:00,138.131390,8.131390,130.002000,10.002000,120.000000,140.000000,-8.129390,-5.885259,20.000000,0.000260,True
2026-04-08 08:10:38+00:00,138.131390,8.131390,130.001600,10.001600,120.000000,140.000000,-8.129790,-5.885549,20.000000,0.000400,True
2026-04-08 08:10:39+00:00,138.130570,8.130570,130.001470,10.001470,120.000000,140.000000,-8.129100,-5.885084,20.000000,0.000130,True
2026-04-08 08:10:40+00:00,138.130570,8.130570,130.002130,10.002130,120.000000,140.000000,-8.128440,-5.884606,20.000000,0.000660,True
2026-04-08 08:10:41+00:00,138.130570,8.130570,130.002130,10.002130,120.000000,140.000000,-8.128440,-5.884606,20.000000,0.000000,True
2026-04-08 08:10:42+00:00,138.130570,8.130570,130.001470,10.001470,120.000000,140.000000,-8.129100,-5.885084,20.000000,0.000660,True
2026-04-08 08:10:43+00:00,138.130570,8.130560,130.001470,10.001470,120.000000,140.000000,-8.129100,-5.885084,20.000000,0.000000,True
2026-04-08 08:10:44+00:00,138.130570,8.130560,130.001470,10.001470,120.000000,140.000000,-8.129100,-5.885084,20.000000,0.000000,True
2026-04-08 08:10:45+00:00,138.133730,8.133720,130.001730,10.001730,120.000000,139.910000,-8.132000,-5.887049,19.910000,0.000260,True
2026-04-08 08:10:46+00:00,138.133730,8.133720,130.001470,10.001470,120.000000,139.910000,-8.132260,-5.887237,19.910000,0.000260,True
2026-04-08 08:10:47+00:00,138.133730,8.133720,130.002130,10.002130,120.000000,139.910000,-8.131600,-5.886759,19.910000,0.000660,True
2026-04-08 08:10:48+00:00,138.133730,8.133720,130.001730,10.001730,120.000000,139.910000,-8.132000,-5.887049,19.910000,0.000400,True
2026-04-08 08:10:49+00:00,138.133730,8.133720,130.002260,10.002260,120.000000,139.910000,-8.131470,-5.886665,19.910000,0.000530,True
2026-04-08 08:10:50+00:00,138.133730,8.133720,130.001600,10.001600,120.000000,139.910000,-8.132130,-5.887143,19.910000,0.000660,True
2026-04-08 08:10:51+00:00,138.133730,8.133720,130.001730,10.001730,120.000000,139.890000,-8.132000,-5.887049,19.890000,0.000130,True
2026-04-08 08:10:52+00:00,138.149550,8.149540,130.001470,10.001470,120.000000,139.890000,-8.148080,-5.898014,19.890000,0.000260,True
2026-04-08 08:10:53+00:00,138.149550,8.149540,130.002000,10.002000,120.000000,139.890000,-8.147550,-5.897631,19.890000,0.000530,True
2026-04-08 08:10:54+00:00,138.149550,8.149540,130.001860,10.001860,120.000000,139.890000,-8.147690,-5.897732,19.890000,0.000140,True
2026-04-08 08:10:55+00:00,138.149550,8.149540,130.001730,10.001730,120.000000,139.890000,-8.147820,-5.897826,19.890000,0.000130,True
2026-04-08 08:10:56+00:00,138.149550,8.149540,130.002390,10.002390,120.000000,140.000000,-8.147160,-5.897348,20.000000,0.000660,True
2026-04-08 08:10:57+00:00,138.131920,8.131910,130.001470,10.001470,120.000000,138.500000,-8.130450,-5.886004,18.500000,0.000920,True
2026-04-08 08:10:58+00:00,138.131920,8.131910,130.002260,10.002260,120.000000,138.500000,-8.129660,-5.885432,18.500000,0.000790,True
2026-04-08 08:10:59+00:00,138.131920,8.131910,130.001470,10.001470,120.000000,138.500000,-8.130450,-5.886004,18.500000,0.000790,True
2026-04-08 08:11:00+00:00,138.131920,8.131910,130.002520,10.002520,120.000000,138.500000,-8.129400,-5.885244,18.500000,0.001050,True
2026-04-08 08:11:01+00:00,138.131920,8.131910,130.001470,10.001470,120.000000,138.500000,-8.130450,-5.886004,18.500000,0.001050,True
2026-04-08 08:11:02+00:00,138.131920,8.131910,130.001470,10.001470,120.000000,138.500000,-8.130450,-5.886004,18.500000,0.000000,True
2026-04-08 08:11:03+00:00,138.144030,8.144020,130.001730,10.001730,120.000000,138.500000,-8.142300,-5.894066,18.500000,0.000260,True
2026-04-08 08:11:04+00:00,138.144030,8.144020,130.002260,10.002260,120.000000,138.500000,-8.141770,-5.893682,18.500000,0.000530,True
2026-04-08 08:11:05+00:00,138.144030,8.144020,130.001470,10.001470,120.000000,138.500000,-8.142560,-5.894254,18.500000,0.000790,True
2026-04-08 08:11:06+00:00,138.144030,8.144020,130.001860,10.001860,120.000000,138.500000,-8.142170,-5.893972,18.500000,0.000390,True
2026-04-08 08:11:07+00:00,138.146010,8.146000,130.002000,10.002000,120.000000,138.500000,-8.144010,-5.895219,18.500000,0.000140,True
2026-04-08 08:11:08+00:00,138.146010,8.146000,130.001860,10.001860,120.000000,138.500000,-8.144150,-5.895320,18.500000,0.000140,True
2026-04-08 08:11:09+00:00,138.146010,8.146000,130.002260,10.002260,120.000000,138.500000,-8.143750,-5.895031,18.500000,0.000400,True
2026-04-08 08:11:10+00:00,138.146010,8.146000,130.001860,10.001860,120.000000,138.500000,-8.144150,-5.895320,18.500000,0.000400,True
2026-04-08 08:11:11+00:00,138.146010,8.146000,130.001470,10.001470,120.000000,138.500000,-8.144540,-5.895603,18.500000,0.000390,True
2026-04-08 08:11:12+00:00,138.145670,8.145660,130.001730,10.001730,120.000000,138.500000,-8.143940,-5.895183,18.500000,0.000260,True
2026-04-08 08:11:13+00:00,138.145670,8.145660,130.002260,10.002260,120.000000,138.500000,-8.143410,-5.894799,18.500000,0.000530,True
2026-04-08 08:11:14+00:00,138.145670,8.145660,130.001470,10.001470,120.000000,138.500000,-8.144200,-5.895371,18.500000,0.000790,True
2026-04-08 08:11:15+00:00,138.145670,8.145660,130.001730,10.001730,120.000000,138.500000,-8.143940,-5.895183,18.500000,0.000260,True
2026-04-08 08:11:16+00:00,138.145670,8.145660,130.001470,10.001470,120.000000,138.500000,-8.144200,-5.895371,18.500000,0.000260,True
2026-04-08 08:11:17+00:00,138.145670,8.145660,130.001600,10.001600,120.000000,138.500000,-8.144070,-5.895277,18.500000,0.000130,True
2026-04-08 08:11:18+00:00,138.142420,8.142410,130.001860,10.001860,120.000000,138.500000,-8.140560,-5.892875,18.500000,0.000260,True
2026-04-08 08:11:19+00:00,138.142420,8.142410,130.002520,10.002520,120.000000,138.500000,-8.139900,-5.892397,18.500000,0.000660,True
2026-04-08 08:11:20+00:00,138.142420,8.142410,130.001600,10.001600,120.000000,138.500000,-8.140820,-5.893063,18.500000,0.000920,True
2026-04-08 08:11:21+00:00,138.142420,8.142410,130.001600,10.001600,120.000000,138.500000,-8.140820,-5.893063,18.500000,0.000000,True
2026-04-08 08:11:22+00:00,138.142420,8.142410,130.002000,10.002000,120.000000,138.500000,-8.140420,-5.892774,18.500000,0.000400,True
2026-04-08 08:11:23+00:00,138.132560,8.132550,130.001730,10.001730,120.000000,138.500000,-8.130830,-5.886252,18.500000,0.000270,True
2026-04-08 08:11:24+00:00,138.132560,8.132550,130.002130,10.002130,120.000000,138.500000,-8.130430,-5.885962,18.500000,0.000400,True
2026-04-08 08:11:25+00:00,138.132560,8.132550,130.002000,10.002000,120.000000,138.500000,-8.130560,-5.886056,18.500000,0.000130,True
2026-04-08 08:11:26+00:00,138.132560,8.132550,130.002130,10.002130,120.000000,138.500000,-8.130430,-5.885962,18.500000,0.000130,True
2026-04-08 08:11:27+00:00,138.132560,8.132550,130.001470,10.001470,120.000000,138.500000,-8.131090,-5.886440,18.500000,0.000660,True
2026-04-08 08:11:28+00:00,138.145770,8.145760,130.002000,10.002000,120.000000,138.500000,-8.143770,-5.895056,18.500000,0.000530,True
2026-04-08 08:11:29+00:00,138.145770,8.145760,130.002000,10.002000,120.000000,138.500000,-8.143770,-5.895056,18.500000,0.000000,True
2026-04-08 08:11:30+00:00,138.145770,8.145760,130.001730,10.001730,120.000000,138.500000,-8.144040,-5.895251,18.500000,0.000270,True
2026-04-08 08:11:31+00:00,138.145770,8.145760,130.001730,10.001730,120.000000,138.500000,-8.144040,-5.895251,18.500000,0.000000,True
2026-04-08 08:11:32+00:00,138.145770,8.145760,130.002390,10.002390,120.000000,138.500000,-8.143380,-5.894773,18.500000,0.000660,True
2026-04-08 08:11:33+00:00,138.145770,8.145760,130.001470,10.001470,120.000000,138.500000,-8.144300,-5.895439,18.500000,0.000920,True
2026-04-08 08:11:34+00:00,138.145770,8.145760,130.002000,10.002000,120.000000,138.500000,-8.143770,-5.895056,18.500000,0.000530,True
2026-04-08 08:11:35+00:00,138.143500,8.143490,130.002000,10.002000,120.000000,138.500000,-8.141500,-5.893509,18.500000,0.000000,True
2026-04-08 08:11:36+00:00,138.143500,8.143490,130.001860,10.001860,120.000000,138.500000,-8.141640,-5.893611,18.500000,0.000140,True
2026-04-08 08:11:37+00:00,138.143500,8.143490,130.001730,10.001730,120.000000,138.500000,-8.141770,-5.893705,18.500000,0.000130,True
2026-04-08 08:11:38+00:00,138.143500,8.143490,130.002260,10.002260,120.000000,138.500000,-8.141240,-5.893321,18.500000,0.000530,True
2026-04-08 08:11:39+00:00,138.143500,8.143490,130.001600,10.001600,120.000000,138.500000,-8.141900,-5.893799,18.500000,0.000660,True
2026-04-08 08:11:40+00:00,138.134130,8.134120,130.001860,10.001860,120.000000,138.500000,-8.132270,-5.887227,18.500000,0.000260,True
2026-04-08 08:11:41+00:00,138.134130,8.134120,130.001730,10.001730,120.000000,138.500000,-8.132400,-5.887321,18.500000,0.000130,True
2026-04-08 08:11:42+00:00,138.134130,8.134120,130.001470,10.001470,120.000000,138.500000,-8.132660,-5.887509,18.500000,0.000260,True
2026-04-08 08:11:43+00:00,138.134130,8.134120,130.001730,10.001730,120.000000,138.500000,-8.132400,-5.887321,18.500000,0.000260,True
2026-04-08 08:11:44+00:00,138.134130,8.134120,130.001730,10.001730,120.000000,138.500000,-8.132400,-5.887321,18.500000,0.000000,True
2026-04-08 08:11:45+00:00,138.146530,8.146520,130.001600,10.001600,120.000000,138.500000,-8.144930,-5.895863,18.500000,0.000130,True
2026-04-08 08:11:46+00:00,138.146530,8.146520,130.001730,10.001730,120.000000,138.500000,-8.144800,-5.895769,18.500000,0.000130,True
2026-04-08 08:11:47+00:00,138.146530,8.146520,130.001470,10.001470,120.000000,138.500000,-8.145060,-5.895957,18.500000,0.000260,True
2026-04-08 08:11:48+00:00,138.146530,8.146520,130.001470,10.001470,120.000000,138.500000,-8.145060,-5.895957,18.500000,0.000000,True
2026-04-08 08:11:49+00:00,138.146530,8.146520,130.001470,10.001470,120.000000,138.500000,-8.145060,-5.895957,18.500000,0.000000,True
2026-04-08 08:11:50+00:00,138.146530,8.146520,130.002520,10.002520,120.000000,138.500000,-8.144010,-5.895197,18.500000,0.001050,True
2026-04-08 08:11:51+00:00,138.146530,8.146520,130.002390,10.002390,120.000000,138.500000,-8.144140,-5.895291,18.500000,0.000130,True
2026-04-08 08:11:52+00:00,138.140330,8.140320,130.001730,10.001730,120.000000,138.500000,-8.138600,-5.891545,18.500000,0.000660,True
2026-04-08 08:11:53+00:00,138.140330,8.140320,130.001470,10.001470,120.000000,138.500000,-8.138860,-5.891733,18.500000,0.000260,True
2026-04-08 08:11:54+00:00,138.140330,8.140330,130.001600,10.001600,120.000000,138.500000,-8.138730,-5.891639,18.500000,0.000130,True
2026-04-08 08:11:55+00:00,138.140330,8.140330,130.001470,10.001470,120.000000,138.500000,-8.138860,-5.891733,18.500000,0.000130,True
2026-04-08 08:11:56+00:00,138.140330,8.140330,130.001470,10.001470,120.000000,138.500000,-8.138860,-5.891733,18.500000,0.000000,True
2026-04-08 08:11:57+00:00,138.135940,8.135940,130.001860,10.001860,120.000000,138.500000,-8.134080,-5.888460,18.500000,0.000390,True
2026-04-08 08:11:58+00:00,138.135940,8.135940,130.001470,10.001470,120.000000,138.500000,-8.134470,-5.888743,18.500000,0.000390,True
2026-04-08 08:11:59+00:00,138.135940,8.135940,130.001730,10.001730,120.000000,138.500000,-8.134210,-5.888554,18.500000,0.000260,True
2026-04-08 08:12:00+00:00,138.135940,8.135950,130.001470,10.001470,120.000000,138.500000,-8.134470,-5.888743,18.500000,0.000260,True
2026-04-08 08:12:01+00:00,138.135940,8.135950,130.001600,10.001600,120.000000,138.500000,-8.134340,-5.888649,18.500000,0.000130,True
2026-04-08 08:12:02+00:00,138.135940,8.135950,130.002260,10.002260,120.000000,138.500000,-8.133680,-5.888171,18.500000,0.000660,True
2026-04-08 08:12:03+00:00,138.134390,8.134400,130.002130,10.002130,120.000000,138.500000,-8.132260,-5.887209,18.500000,0.000130,True
2026-04-08 08:12:04+00:00,138.134390,8.134400,130.002130,10.002130,120.000000,138.500000,-8.132260,-5.887209,18.500000,0.000000,True
2026-04-08 08:12:05+00:00,138.134390,8.134400,130.002000,10.002000,120.000000,138.500000,-8.132390,-5.887303,18.500000,0.000130,True
2026-04-08 08:12:06+00:00,138.134390,8.134400,130.001860,10.001860,120.000000,138.500000,-8.132530,-5.887404,18.500000,0.000140,True
2026-04-08 08:12:07+00:00,138.134390,8.134380,130.001860,10.001860,120.000000,138.500000,-8.132530,-5.887404,18.500000,0.000000,True
2026-04-08 08:12:08+00:00,138.134390,8.134380,130.001470,10.001470,120.000000,138.500000,-8.132920,-5.887687,18.500000,0.000390,True
2026-04-08 08:12:09+00:00,138.139430,8.139420,130.002520,10.002520,120.000000,138.500000,-8.136910,-5.890360,18.500000,0.001050,True
2026-04-08 08:12:10+00:00,138.139430,8.139420,130.002130,10.002130,120.000000,138.500000,-8.137300,-5.890643,18.500000,0.000390,True
2026-04-08 08:12:11+00:00,138.139430,8.139420,130.001470,10.001470,120.000000,138.500000,-8.137960,-5.891120,18.500000,0.000660,True
2026-04-08 08:12:12+00:00,138.139430,8.139420,130.001730,10.001730,120.000000,138.500000,-8.137700,-5.890932,18.500000,0.000260,True
2026-04-08 08:12:13+00:00,138.139430,8.139440,130.001860,10.001860,120.000000,138.500000,-8.137570,-5.890838,18.500000,0.000130,True
2026-04-08 08:12:14+00:00,138.146300,8.146310,130.001600,10.001600,120.000000,138.500000,-8.144700,-5.895706,18.500000,0.000260,True
2026-04-08 08:12:15+00:00,138.146300,8.146310,130.001730,10.001730,120.000000,138.500000,-8.144570,-5.895612,18.500000,0.000130,True
2026-04-08 08:12:16+00:00,138.146300,8.146310,130.001600,10.001600,120.000000,138.500000,-8.144700,-5.895706,18.500000,0.000130,True
2026-04-08 08:12:17+00:00,138.146300,8.146310,130.001470,10.001470,120.000000,138.500000,-8.144830,-5.895800,18.500000,0.000130,True
2026-04-08 08:12:18+00:00,138.146300,8.146310,130.002130,10.002130,120.000000,138.500000,-8.144170,-5.895323,18.500000,0.000660,True
2026-04-08 08:12:19+00:00,138.131350,8.131350,130.001730,10.001730,120.000000,138.500000,-8.129620,-5.885427,18.500000,0.000400,True
2026-04-08 08:12:20+00:00,138.131350,8.131350,130.002000,10.002000,120.000000,138.500000,-8.129350,-5.885232,18.500000,0.000270,True
2026-04-08 08:12:21+00:00,138.131350,8.131350,130.001860,10.001860,120.000000,138.500000,-8.129490,-5.885333,18.500000,0.000140,True
2026-04-08 08:12:22+00:00,138.131350,8.131350,130.001730,10.001730,120.000000,138.500000,-8.129620,-5.885427,18.500000,0.000130,True
2026-04-08 08:12:23+00:00,138.131350,8.131350,130.001730,10.001730,120.000000,138.500000,-8.129620,-5.885427,18.500000,0.000000,True
2026-04-08 08:12:24+00:00,138.131350,8.131350,130.001730,10.001730,120.000000,138.500000,-8.129620,-5.885427,18.500000,0.000000,True
2026-04-08 08:12:25+00:00,138.146980,8.146980,130.001600,10.001600,120.000000,138.500000,-8.145380,-5.896169,18.500000,0.000130,True
2026-04-08 08:12:26+00:00,138.146980,8.146980,130.001470,10.001470,120.000000,138.500000,-8.145510,-5.896264,18.500000,0.000130,True
2026-04-08 08:12:27+00:00,138.146980,8.146980,130.002000,10.002000,120.000000,138.500000,-8.144980,-5.895880,18.500000,0.000530,True
2026-04-08 08:12:28+00:00,138.146980,8.146980,130.002260,10.002260,120.000000,138.500000,-8.144720,-5.895692,18.500000,0.000260,True
2026-04-08 08:12:29+00:00,138.146980,8.146980,130.001600,10.001600,120.000000,138.500000,-8.145380,-5.896169,18.500000,0.000660,True
